3250 5016
617 1258 745 1369 Caput
776 1259 822 1344 V.

169 1426 241 1516 Quo
265 1427 427 1511 tempore
450 1427 493 1493 de
516 1428 631 1494 causis
655 1427 846 1511 corruptae
869 1427 1094 1510 eloquentiae
1117 1428 1211 1495 llber
1234 1427 1284 1496 sit

609 1534 842 1618 conscriptus.

199 1663 371 1747 Exponere
396 1660 436 1727 de
456 1667 600 1746 tempore
619 1682 681 1746 quo
697 1661 778 1728 liber
793 1661 834 1727 de
849 1661 957 1728 causis
973 1662 1173 1746 conscriptus
1188 1662 1338 1728 uideatur

106 1776 284 1856 propterea
306 1768 521 1835 recusandum
544 1789 607 1833 non
632 1775 690 1853 est,
714 1769 790 1852 quia
813 1769 1154 1854 postDodwellum,
1178 1769 1233 1853 qui
1252 1790 1336 1835 anuo

109 1880 198 1944 1698
215 1875 361 1943 Oueniae
378 1876 481 1942 edidit
494 1876 664 1942 Annales
681 1874 974 1952 Quintilianeos
989 1897 1082 1942 nemo
1098 1875 1139 1943 de
1153 1896 1193 1942 ea
1206 1897 1242 1942 re
1258 1877 1336 1942 data

107 2003 210 2068 opera
234 1984 391 2068 exposuit.
438 2003 458 2048 a
481 1981 652 2048 Dodwello
675 1983 818 2068 pendent
842 2003 926 2067 quac
950 1983 990 2048 de
1010 1982 1219 2067 chronologia
1239 1982 1337 2060 Quin-

108 2089 247 2156 tilianea
270 2091 476 2157 inueniuntur
503 2091 536 2154 in
559 2090 650 2157 libris
678 2089 719 2156 de
742 2090 920 2156 litterarum
944 2090 1098 2155 memoria
1121 2091 1338 2155 Romanarum

108 2196 217 2263 editis.
263 2196 392 2262 uidetur
419 2204 527 2263 autem
557 2218 638 2282 opus
662 2217 823 2263 essenon
845 2195 941 2262 modo
965 2197 1132 2281 relatione,
1156 2197 1215 2263 sed
1239 2197 1337 2263 etiam

106 2305 294 2370 instaurata
319 2304 553 2388 disquisitione.
599 2325 674 2370 nam
701 2325 806 2388 neque
835 2305 890 2371 ille
907 2324 1130 2388 quaeeunque
1153 2305 1267 2371 statuit
1290 2304 1337 2370 ita

109 2411 356 2496 demonstrauit,
381 2418 415 2476 ut
437 2431 523 2476 noua
547 2418 738 2495 argumenta
762 2412 882 2478 addere
907 2412 1045 2478 otiosum
1069 2412 1120 2495 sit,
1144 2432 1204 2478 nec
1226 2433 1337 2479 uerum

105 2526 177 2584 tam
209 2518 328 2584 aeriter
361 2518 516 2603 dispexit,
549 2526 584 2584 ut
617 2539 681 2584 non
713 2520 824 2603 aliqua
857 2518 1049 2603 corrigenda
1087 2519 1151 2585 siut
1182 2518 1337 2604 putanda.

105 2631 220 2711 potest
242 2645 319 2690 uero
343 2625 491 2709 quaestio
520 2646 604 2709 qnae
635 2633 685 2692 est
713 2626 754 2693 de
782 2627 884 2692 libro
914 2625 960 2692 de
988 2626 1119 2692 causis
1142 2647 1206 2691 uon
1230 2626 1337 2692 dirimi

105 2735 150 2798 ab
176 2752 217 2798 ea
241 2752 324 2815 quae
349 2739 399 2798 est
423 2731 468 2798 de
491 2732 758 2799 Institutione.

199 2838 305 2923 Atque
329 2839 412 2904 hanc
440 2839 643 2907 conscribere
672 2840 779 2926 coepit
807 2838 1039 2923 Quintilianus,
1071 2861 1135 2904 non
1163 2847 1338 2924 antequam

105 2968 126 3011 a
153 2966 286 3012 munere
309 2946 504 3032 professoris
527 2948 648 3033 publici
673 2968 745 3014 sese
769 2946 944 3013 abdicauit.
993 2947 1063 3032 ipse
1087 2947 1172 3012 enim
1196 2946 1275 3012 dicit
1299 2944 1336 3035 [I]

104 3074 242 3140 prooem
267 3057 287 3134 ξ
314 3059 329 3118 1
355 3054 451 3119 haee:
483 3061 558 3140 post
584 3054 789 3140 impetratam
818 3053 935 3119 studiis
964 3054 1045 3120 meis
1075 3054 1223 3139 quietem,
1254 3074 1338 3138 quae

102 3182 166 3247 per
189 3159 335 3243 uiginti
359 3180 462 3227 annos
486 3160 671 3228 erudiendis
694 3160 866 3227 iuuenibus
888 3160 1118 3246 impenderam,
1149 3181 1221 3226 cum
1244 3181 1264 3225 a
1287 3180 1338 3226 me

104 3267 244 3352 quidam
267 3267 446 3334 familiares
469 3268 679 3353 postularent,
703 3274 738 3332 ut
761 3266 886 3351 aliquid
905 3266 946 3333 de
965 3266 1090 3333 ratione
1110 3266 1240 3332 dicendi
1254 3287 1337 3333 com-

101 3394 272 3460 ponerem,
306 3374 362 3454 din
396 3395 465 3441 sum
498 3372 647 3457 equidem
679 3375 857 3440 reluctatus
886 3394 952 3458 eqs.
976 3411 1019 3422 —
1043 3373 1197 3441 discimus
1229 3379 1337 3440 autem

102 3481 225 3549 eodem
256 3481 328 3548 loco
361 3502 492 3548 munere
525 3481 666 3547 sunctum
695 3501 767 3546 enm
800 3482 901 3548 fuisse
933 3501 1002 3567 per
1032 3481 1173 3564 uiginti
1207 3502 1336 3548 anuos.

100 3590 173 3655 iam
196 3588 370 3672 quaeritur,
402 3609 472 3673 quo
496 3587 577 3653 illud
601 3588 781 3674 susceperit
803 3608 911 3654 anno.
957 3587 1213 3672 Hieronymus
1237 3589 1337 3654 tradit

100 3697 136 3762 iu
166 3695 327 3762 Chronico
341 3695 535 3780 Eusebiauo,
559 3695 646 3779 quod
669 3697 710 3761 ab
735 3716 773 3761 eo
798 3695 981 3781 suppletum
997 3714 1070 3761 esse
1094 3715 1133 3760 ex
1150 3695 1335 3761 Suetonio

100 3808 247 3886 constat,
271 3801 314 3866 ad
337 3823 456 3868 aunum
479 3803 547 3868 Abu
570 3805 656 3869 8084
671 3833 706 3857 =
721 3806 763 3870 68
787 3803 889 3888 thr
910 3802 1006 3868 haec:
1036 3803 1068 3866 M
1090 3802 1213 3868 Fabius
1238 3800 1336 3879 Quin-

99 3911 243 3976 tilianus
269 3910 404 3974 Romam
432 3931 452 3974 a
482 3909 588 3976 Galba
620 3909 814 3995 perducitur.
860 3917 892 3976 et
922 3908 966 3974 ad
995 3930 1113 3974 aunum
1142 3913 1230 3976 2104
1244 3940 1278 3964 =
1293 3913 1335 3976 88

99 4020 206 4084 haec:
246 4014 465 4092 Quintilianus
498 4038 538 4083 ex
569 4017 730 4103 Hispania
762 4017 1030 4101 Calagurritanus
1063 4016 1185 4101 primus
1213 4018 1335 4082 Romae

97 4124 273 4213 publicam
305 4123 449 4188 scholam
482 4130 514 4190 et
546 4124 701 4189 salarium
730 4124 858 4209 accepit
889 4129 922 4190 et
955 4123 1079 4189 claruit.
1126 4123 1161 4188 cf
1189 4122 1334 4189 Suetonii

97 4231 283 4298 editionem
304 4230 499 4295 Rothianam
521 4234 622 4315 pala
646 4250 688 4295 uo
707 4234 756 4296 16.
770 4269 814 4276 -
830 4229 917 4314 quod
941 4250 1012 4295 cum
1036 4251 1056 4295 a
1081 4230 1187 4297 Galba
1200 4232 1335 4295 Romam

98 4361 142 4407 ex
167 4337 334 4422 Hispania
356 4337 477 4404 Fabius
500 4337 676 4422 perductus
705 4338 755 4422 sit,
784 4357 848 4402 non
876 4344 927 4404 est
954 4357 1010 4402 cur
1038 4337 1229 4422 dubitemus,
1257 4337 1335 4421 quin

97 4468 138 4514 eo
175 4445 253 4530 ipso
281 4463 365 4509 anno
397 4441 528 4530 publiea
562 4445 674 4512 schola
706 4444 750 4510 ad
775 4465 848 4510 eum
882 4444 924 4511 sit
951 4443 1071 4510 delata.
1116 4464 1220 4528 neque
1250 4444 1334 4510 enim

94 4551 314 4637 intellegitur,
339 4572 394 4617 cur
417 4552 459 4619 de
483 4552 553 4619 cius
575 4554 710 4618 Romam
734 4551 877 4617 aduentu
901 4550 1056 4618 adcurate
1079 4551 1246 4637 referatur,
1270 4551 1333 4618 nisi

97 4683 176 4729 oum
202 4658 265 4724 hoe
293 4656 436 4726 aduentu
463 4659 679 4726 memorabilis
711 4658 769 4724 illa
802 4659 934 4725 scholae
965 4658 1117 4745 publicae
1147 4657 1333 4744 publicique
