3250 5016
889 355 1018 452 41-

296 547 430 612 multum
454 548 564 613 ualent
587 548 726 632 quaein
749 546 954 634 philosophis
979 547 1006 614 si
1029 568 1093 613 non
1116 546 1239 634 laudat,
1263 556 1298 614 at
1318 549 1518 616 oumhonore

297 661 531 720 commemorat.
572 654 682 722 adres
706 655 936 738 grammaticas
962 663 994 721 et
1016 655 1195 722 rhetoricas
1218 656 1301 721 bene
1324 664 1520 741 pertractan-

297 761 357 828 das
382 781 462 846 opus
487 782 560 828 esse
577 762 714 828 scientia
732 761 960 848 philosophiae
976 761 1055 827 dicit
1072 763 1129 846 14,
1144 767 1174 828 4.
1202 766 1250 828 19.
1276 763 1323 828 XI
1340 768 1367 849 1,
1384 767 1518 830 81-85.

296 889 436 933 amorem
470 888 532 953 quo
565 869 721 935 musicam
756 869 896 954 amplexi
926 869 990 934 sint
1019 876 1051 934 et
1079 870 1173 934 Plato
1203 878 1235 934 et
1259 870 1412 937 Socrates
1442 890 1519 936 oom-

296 976 428 1041 mendat
449 976 616 1058 magistris
639 997 810 1062 puerorum
834 977 850 1039 I
872 979 919 1060 10,
939 979 979 1045 13
995 996 1041 1058 sq.
1080 975 1243 1061 perfectus
1268 978 1321 1059 qni
1346 977 1427 1043 uelit
1451 996 1520 1043 esse

296 1088 412 1167 orator,
438 1103 510 1149 eum
534 1103 574 1148 ex
596 1083 723 1149 illorum
739 1083 869 1168 scriptis
884 1082 1013 1148 haurire
1028 1082 1146 1148 debere
1162 1083 1404 1168 1111111Χ112,
1421 1089 1439 1150 6
1456 1105 1520 1167 sqq.

294 1191 344 1255 XI
369 1195 395 1275 l,
420 1193 462 1256 35
487 1210 533 1272 sq.
578 1189 642 1253 XII
669 1195 721 1274 11,
751 1193 797 1274 11,
832 1189 974 1274 sedita,
1006 1197 1042 1255 ut
1070 1188 1152 1254 illud
1176 1189 1216 1255 dc
1241 1196 1353 1274 erepta
1378 1192 1521 1259 doctrina

295 1297 409 1362 morali
432 1296 635 1382 philosophis
660 1297 739 1362 uitio
763 1302 878 1363 uertat.

385 1403 477 1481 Quae
506 1426 577 1470 cum
604 1405 652 1470 111
680 1405 752 1489 1111,
785 1403 976 1470 Dodwellns
1005 1405 1166 1470 sententia
1198 1412 1248 1488 est
1276 1406 1421 1492 falsus,
1454 1426 1521 1471 cum

295 1519 427 1596 putaret
448 1511 661 1596 philosophos
685 1512 787 1576 amari
811 1512 852 1577 ab
877 1519 1013 1576 oratore.
1051 1512 1161 1595 itaque
1185 1532 1256 1578 cum
1279 1512 1340 1578 hac
1362 1513 1521 1580 sententia

297 1619 393 1684 etiam
418 1626 641 1702 argumentum
666 1617 804 1684 hominis
829 1618 915 1683 docti
939 1618 1093 1683 reiectum
1118 1625 1167 1684 est
1191 1640 1253 1702 quo
1279 1618 1521 1688 demonstrabat

297 1732 386 1790 ante
409 1747 527 1790 annum
550 1747 613 1808 qno
637 1726 715 1790 urbe
740 1724 867 1810 expulsi
891 1725 955 1790 sint
969 1724 1153 1810 philosophi
1169 1724 1202 1790 in
1216 1747 1330 1792 manns
1347 1727 1521 1810 legentium

296 1834 485 1919 peruenisse
510 1853 590 1917 opus
613 1833 718 1898 Fabii.

384 1942 452 2007 Nos
482 1939 596 2005 eodem
626 1938 693 2005 fere
717 1946 862 2024 tempore
886 1940 1056 2005 statuimus
1080 1939 1194 2004 librum
1219 1961 1292 2006 esse
1316 1939 1440 2007 editum
1463 1962 1522 2026 qno

296 2047 500 2113 Domitianus
533 2046 798 2112 animaduerterit
830 2047 863 2111 in
895 2046 1116 2131 philosophos.
1163 2055 1261 2130 atque
1291 2047 1353 2112 hac
1385 2069 1420 2114 11
1444 2050 1523 2115 bene

297 2154 502 2219 considerata
525 2153 671 2237 intellegi
694 2173 792 2238 posse
815 2154 997 2237 putauerim
1020 2153 1055 2217 id
1078 2153 1163 2235 quod
1187 2155 1220 2218 in
1244 2155 1307 2219 hac
1330 2156 1521 2237 quaestione

296 2260 469 2326 admodum
485 2281 523 2325 11
546 2281 598 2326 me
617 2259 768 2324 turbauit.
801 2260 933 2344 saepius
958 2260 1043 2324 enim
1066 2260 1193 2345 accidit,
1217 2268 1252 2325 ut
1276 2262 1519 2347 obstupefactus

295 2389 346 2433 me
361 2369 432 2452 ipse
445 2369 686 2451 interrogarem,
707 2387 790 2449 qnae
805 2365 937 2431 tandem
952 2365 1143 2443 Quintiliani
1159 2375 1246 2433 esset
1261 2366 1302 2433 de
1317 2368 1520 2454 philosophis

297 2475 466 2540 sententia.
513 2481 642 2539 exstant
674 2474 736 2538 loci
770 2474 824 2556 qui
857 2493 928 2538 cum
962 2473 1036 2538 odio
1066 2493 1127 2556 qno
1156 2475 1231 2541 illos
1260 2475 1416 2540 insectari
1441 2476 1521 2542 solet

295 2603 359 2649 non
382 2581 476 2646 modo
500 2602 565 2647 non
589 2581 791 2664 conueniant,
815 2581 874 2646 sed
896 2580 1103 2647 uehementer
1126 2588 1279 2666 pugnent.
1316 2603 1429 2650 omnes
1450 2583 1520 2648 dico

295 2690 393 2773 locos,
426 2689 480 2754 ubi
513 2709 553 2754 11
579 2687 781 2773 philosophis
810 2689 958 2772 exempla
988 2688 1094 2753 adfert
1123 2696 1154 2753 et
1177 2688 1266 2754 dicta
1290 2689 1406 2772 quibus
1432 2711 1522 2756 suam

295 2796 408 2861 fulciat
433 2796 639 2862 sententiam:
669 2795 723 2877 qui
753 2801 827 2860 sunt
849 2795 1009 2880 permulti.
1054 2796 1194 2860 maxime
1226 2802 1334 2862 autem
1367 2817 1521 2862 memora-

295 2903 374 2968 bilia
402 2909 476 2968 sunt
504 2923 588 2985 qnae
615 2901 765 2985 leguntur
797 2902 861 2966 XII
885 2907 914 2987 2,
938 2907 980 2967 2‘2
1006 2922 1052 2984 sq.
1098 2903 1142 2967 ibi
1172 2903 1257 2967 enim
1279 2911 1454 2987 postquam
1476 2906 1521 2969 in·

295 3010 420 3095 crepuit
450 3009 670 3094 philosophos,
707 3008 821 3074 laudat
854 3009 1011 3074 Periclem
1048 3009 1134 3092 quod
1170 3009 1389 3094 Anaxagorae
1427 3011 1522 3078 fuerit

295 3116 432 3201 auditor,
456 3116 716 3201 Demosthenem,
741 3117 825 3199 quod
852 3137 887 3182 se
908 3115 1035 3182 dederit
1053 3116 1190 3202 Platoni,
1215 3118 1411 3204 Ciceronem,
1436 3119 1522 3202 quod

295 3225 383 3309 apud
406 3222 619 3290 Academicos
643 3224 744 3288 multa
768 3223 928 3290 didicerit.
976 3244 1038 3307 quo
1062 3222 1166 3308 modo,
1198 3245 1329 3310 quaeso,
1353 3226 1388 3290 id
1410 3226 1467 3291 ille
1490 3227 1522 3291 in

295 3331 476 3397 oratoribus
508 3330 644 3396 laudare
676 3331 789 3415 potuit,
822 3331 876 3412 qui
909 3330 1054 3396 homines
1087 3351 1190 3396 uanos
1225 3339 1256 3396 et
1283 3331 1417 3399 insanos
1448 3354 1521 3400 1111

294 3438 505 3523 philosophos
539 3438 724 3502 dictitaret?
779 3438 893 3502 miram
925 3437 1080 3503 habemns
1116 3437 1369 3503 inconstantiam
1400 3439 1521 3525 indicii,

296 3545 355 3612 sed
378 3566 461 3628 quae
485 3545 642 3630 explicari
668 3544 780 3630 possit,
815 3545 842 3610 si
869 3545 1006 3609 Fabium
1033 3564 1097 3608 non
1126 3565 1185 3609 111
1210 3552 1324 3629 sponte
1351 3567 1458 3629 neque
1484 3569 1522 3614 11

295 3653 394 3717 animi
419 3653 580 3718 sententia
604 3653 767 3717 inculcare
782 3650 994 3736 philosophos
1010 3651 1173 3735 sumimus,
1198 3651 1257 3716 sed
1272 3673 1312 3718 11
1327 3655 1522 3719 auctoritate

295 3747 480 3825 Domitiani.
527 3766 624 3841 atque
648 3759 730 3823 haec
753 3759 938 3824 coniectura
961 3759 1044 3822 ultro
1070 3779 1105 3824 se
1130 3758 1223 3823 offert
1246 3760 1353 3844 operis
1377 3767 1522 3846 tempore

295 3867 375 3932 editi
408 3867 455 3932 sic
488 3865 620 3930 definito
652 3857 688 3930 ut
720 3864 861 3931 fecimus.
918 3866 1001 3931 11111
1039 3873 1146 3931 autem
1184 3887 1248 3948 qua
1285 3868 1523 3952 obtemperauit

296 3973 514 4050 Quintilianus
542 3972 669 4037 domino
699 3972 818 4057 duplex
842 3973 979 4056 cogitari
1010 3981 1126 4058 potest.
1172 3994 1229 4059 pro
1255 3981 1341 4038 certo
1365 3974 1521 4042 habemus

294 4081 479 4147 Domitiano
507 4081 573 4143 iam
604 4087 680 4145 ante
708 4079 790 4144 illud
819 4079 982 4145 decretum
1012 4080 1225 4164 philosophos
1254 4081 1378 4148 inuisos
1408 4082 1520 4152 fuisse.

295 4189 533 4272 aVespasiano
558 4208 622 4252 non
640 4188 735 4252 modo
751 4187 921 4253 Heluidius
937 4189 1077 4271 Priscus,
1101 4187 1268 4269 Thraseae
1293 4207 1401 4272 gener,
1425 4188 1520 4254 homo

296 4303 404 4362 sectae
436 4295 566 4360 Stoicae
599 4295 797 4380 adscriptus,
834 4314 907 4359 cum
942 4294 990 4360 rei
1031 4295 1182 4378 publicae
1219 4294 1341 4360 liberae
1380 4296 1521 4362 studium

295 4410 481 4487 ostentaret,
514 4405 667 4486 expulsus
701 4410 751 4467 cst
784 4409 815 4467 et
838 4401 1035 4486 interfectus,
1070 4401 1128 4467 sed
1156 4401 1255 4466 etiam
1283 4421 1394 4468 omnes
1418 4404 1521 4489 philo-

296 4510 390 4594 sophi
418 4516 552 4594 excepto
582 4509 729 4574 Musonio
752 4507 835 4573 Rufo
864 4529 927 4573 uno
958 4509 1044 4573 circa
1072 4510 1521 4577 111111311111111111

296 4617 400 4681 eiecti.
433 4615 481 4702 (cf
493 4615 881 4701 SuetoniiVespasiani
904 4615 993 4680 uitae
1018 4618 1100 4682 111).
1139 4615 1266 4681 Cassii
1290 4615 1431 4682 Dionis
1455 4619 1521 4704 epit
