3250 5016
889 381 933 452 12

297 579 361 650 0101
383 603 486 669 paruo
512 579 667 667 temporis
699 579 871 648 interuallo
900 579 984 648 inter
1015 600 1051 648 se
1078 579 1210 648 distant.
1256 585 1297 666 et,
1321 577 1408 664 quod
1422 577 1519 646 maxi·

296 711 382 757 mum
419 698 478 777 est,
514 688 741 775 disquisitione
776 709 850 756 mea
886 688 1003 758 lucrari
1040 688 1188 756 uidemur
1224 694 1259 754 ut
1295 688 1519 772 intellegamus

297 797 427 865 eodem
451 797 531 864 iere
554 803 723 883 tempore
737 795 874 863 Fabium
887 815 1018 863 munere
1032 815 1068 863 se
1092 795 1301 863 abdicasse
1325 803 1361 862 ct
1384 795 1519 861 librum

296 903 341 970 de
365 905 495 973 causis
519 910 728 990 corruptae
752 903 999 987 eloquentiae
1022 903 1265 989 conscripsisse.

666 1154 819 1211 Excursus
837 1153 875 1210 ad
894 1154 985 1224 caput
1004 1153 1029 1210 V
1047 1152 1146 1223 prlor.

382 1283 425 1338 Ne
448 1281 516 1352 quid
539 1282 635 1338 uidear
657 1281 779 1337 omisisse
802 1299 895 1338 eorum
918 1298 990 1351 quae
1013 1280 1154 1336 attineant
1177 1280 1213 1335 ad
1231 1279 1441 1334 Institutionem
1459 1297 1517 1334 con·

292 1373 423 1443 scriptam
443 1375 471 1428 01
490 1372 626 1438 emissam,
649 1389 704 1426 000
726 1372 835 1443 pigebit
858 1371 987 1426 disserere
1006 1369 1101 1440 paucis
1124 1371 1163 1425 de
1181 1369 1315 1426 ratione
1339 1387 1406 1438 qua
1424 1369 1517 1424 illam

292 1461 460 1533 prodiisse
479 1461 525 1516 sit
543 1460 738 1516 uerisimile.

382 1550 417 1619 [I]
436 1551 626 1620 0100000625
644 1550 762 1621 legimus
776 1551 855 1606 haec:
874 1549 1010 1620 quidquid
1028 1550 1098 1606 utile
1113 1549 1149 1604 ed
1161 1549 1365 1606 instituendum
1383 1553 1517 1605 oratorem

291 1641 466 1710 putabamus,
485 1640 515 1696 in
528 1641 577 1695 hos
596 1639 739 1694 duodecim
757 1640 840 1695 libros
859 1639 1074 1695 contulimus.
1112 1639 1186 1708 quod
1199 1639 1315 1694 scribere
1330 1639 1516 1705 Quintilianus

289 1747 345 1784 000
363 1729 456 1800 001011
474 1729 529 1784 0101
547 1746 578 1784 eo
597 1731 721 1798 tempore
748 1747 803 1798 quo
821 1732 912 1784 totum
931 1747 998 1800 opus
1026 1729 1184 1784 absolutum
1212 1728 1242 1782 in
1260 1728 1388 1783 manibus
1416 1729 1514 1784 tenuit.

289 1819 385 1888 itaque
408 1818 587 1888 prooemium,
616 1817 646 1872 in
669 1835 723 1887 quo
750 1819 801 1873 illa
828 1820 946 1882 exstant,
975 1817 1125 1873 necessario
1153 1817 1309 1888 colligimus
1336 1818 1516 1887 compositum

289 1926 354 1973 esse,
378 1911 526 1978 postquam
544 1907 687 1964 duodecim
707 1907 771 1963 libri
790 1925 883 1964 omncs
901 1907 1016 1978 perfecti
1034 1907 1100 1963 siut.
1136 1907 1159 1962 si
1179 1911 1281 1972 autem,
1305 1910 1338 1961 ut
1356 1907 1399 1962 ita
1418 1908 1515 1972 dicam,

288 1998 375 2053 totius
402 1999 490 2068 operis
517 1998 653 2068 praefatio
679 1997 729 2053 1110
756 1998 893 2068 prooemio
921 1997 1086 2063 continetur,
1115 2015 1180 2052 una
1207 1997 1379 2066 simulque
1406 2015 1515 2052 omnes

288 2087 353 2142 libri
372 2087 441 2142 editi
460 2105 517 2143 esse
535 2092 601 2144 0001
618 2087 744 2158 putandi.

376 2177 437 2232 Iam
455 2177 608 2232 euoluenda
631 2181 696 2232 sunt
714 2177 791 2232 nobis
814 2175 879 2231 libri
898 2177 937 2230 IV
938 2176 946 2214 ¹
965 2179 994 2232 01
1013 2176 1078 2231 libri
1096 2176 1144 2230 vu
1165 2175 1312 2246 prooemia.
1349 2176 1409 2232 loco
1428 2177 1514 2247 priore

286 2269 382 2320 numat
400 2265 509 2321 Vitorio
528 2267 688 2322 Domitillae
706 2267 851 2337 Augustae
869 2269 982 2336 nepotes
1000 2267 1054 2321 sibi
1072 2266 1189 2322 traditos
1208 2283 1266 2321 esse
1285 2283 1302 2320 a
1321 2264 1438 2321 Caesare
1456 2283 1513 2320 eru·

286 2355 411 2410 diendos:
435 2373 491 2424 qua
509 2373 538 2410 re
556 2374 584 2411 00
602 2355 717 2425 impelli,
741 2358 781 2421 ut,
806 2356 830 2409 si
848 2356 942 2425 possit,
967 2356 1053 2412 etiam
1078 2355 1241 2426 diligentius
1264 2357 1293 2409 et
1311 2354 1468 2423 religiosius
1485 2355 1514 2409 in

286 2445 408 2500 laborem
435 2449 591 2515 susceptum
618 2445 629 2498 i
653 2463 668 2500 0
694 2445 724 2499 10
752 2445 960 2500 Institutionum
990 2445 1212 2500 conscribendam
1239 2444 1390 2499 incumbat.
1439 2445 1513 2500 cuius

286 2533 397 2602 quidem
424 2535 545 2589 muneris
572 2535 641 2589 dicit
659 2537 708 2598 §l
734 2535 795 2604 ipsa
818 2534 988 2604 cogitatione
1015 2553 1043 2590 00
1066 2534 1190 2604 fatigari.
1214 2535 1322 2589 -loco
1346 2534 1435 2590 altero
1453 2552 1513 2590 con-

285 2623 364 2692 queri
382 2624 463 2678 illum
481 2623 515 2678 de
533 2623 694 2680 calamitate
722 2623 874 2678 domestica
902 2625 932 2679 in
954 2625 1006 2680 boc
1033 2625 1124 2695 capite
1152 2625 1209 2680 iam
1237 2624 1370 2678 uidimus:
1399 2625 1446 2680 hic
1473 2626 1513 2679 est

285 2712 441 2767 addendum
464 2711 551 2781 apud
570 2711 748 2778 Vitorium,
773 2731 856 2781 quem
874 2713 925 2768 hoc
943 2731 1052 2784 quoquc
1074 2713 1213 2784 prooemio
1232 2713 1363 2783 appellat,
1384 2713 1512 2781 conqueri

284 2801 409 2856 Fabium.
447 2805 589 2871 praeterea
615 2819 677 2856 cum
701 2802 798 2857 ceteris
821 2801 878 2856 eius
902 2805 1083 2873 paragraphis
1109 2807 1170 2858 tum
1196 2803 1242 2856 14⁸
1266 2806 1294 2857 et
1318 2804 1367 2857 16·
1386 2803 1512 2858 docemur

284 2890 369 2945 etiam
388 2895 449 2946 tum
468 2891 621 2946 scribendos
640 2891 665 2946 ei
684 2909 741 2946 esse
759 2891 843 2946 libros
861 2892 910 2960 qui
929 2893 1138 2961 subsequantur.

372 2981 413 3035 Ex
435 2979 478 3034 his
502 2981 569 3048 qnid
591 2981 797 3036 concludimus?
837 2981 966 3050 primum,
994 2981 1048 3034 nisi
1071 2981 1160 3047 i'allor,
1188 2981 1296 3036 Vitorio
1326 2984 1406 3036 00100
1429 2981 1511 3036 fuisse

282 3069 366 3124 libros
380 3072 436 3123 tres
448 3069 558 3139 priores,
578 3087 641 3125 cum
655 3070 749 3138 quarti
762 3071 939 3140 prooemium,
959 3072 1091 3139 quartum
1107 3073 1136 3125 et
1150 3071 1288 3138 quintum,
1307 3089 1371 3126 cum
1385 3071 1433 3126 vu
1452 3088 1509 3141 pro·

282 3159 401 3213 cemium
419 3159 549 3214 scriberet
567 3158 767 3224 Quintilianus:
787 3159 922 3230 deinceps,
941 3179 1003 3215 cum
1021 3159 1167 3228 prooemiis
1185 3163 1276 3229 partes
1294 3177 1404 3229 quoquc
1423 3161 1510 3230 operis

282 3249 381 3316 quibus
404 3248 461 3303 sint
484 3248 634 3318 praemissa
652 3248 760 3304 Vitorio
783 3250 914 3321 legendas
937 3267 994 3304 0000
1016 3249 1142 3304 nuditas.
1179 3267 1245 3303 nam
1264 3249 1287 3302 si
1305 3249 1347 3304 ita
1364 3268 1420 3304 non
1439 3250 1509 3306 arbi·

280 3338 424 3403 trahimur,
448 3337 516 3407 quid
539 3337 592 3392 erit
615 3337 803 3408 opinandum?
839 3340 956 3393 Fabium
978 3339 1056 3394 nobis
1079 3339 1216 3408 fingamus
1240 3355 1347 3392 necesse
1370 3339 1423 3394 erit
1448 3358 1509 3395 eum

280 3427 329 3494 qui
352 3427 440 3482 tribus
463 3427 542 3482 libris
564 3428 693 3497 perfectis
715 3427 850 3497 magister
873 3432 980 3483 oreatus
1003 3446 1151 3499 puerorum
1175 3429 1234 3481 loco
1257 3431 1380 3481 ortorum
1403 3446 1508 3484 summo

279 3516 337 3584 ipse
356 3533 384 3570 se
402 3516 596 3586 interrumpat,
620 3520 652 3572 ut
669 3534 727 3571 rem
746 3517 903 3573 felicissime
920 3517 1025 3573 tactam
1044 3517 1133 3572 amico
1152 3515 1265 3571 nuntiet
1283 3533 1332 3585 per
1351 3516 1506 3585 epistulam,

281 3635 312 3644 -
333 3623 398 3674 nam
417 3606 485 3661 haec
507 3609 549 3662 est
573 3607 662 3662 10000
679 3606 820 3676 prooemii,
843 3636 873 3646 -·
893 3625 978 3676 quam
1002 3610 1097 3662 tamen
1119 3607 1168 3661 ille
1192 3623 1248 3659 non
1271 3608 1340 3671 tum,
1364 3605 1412 3660 sed
1435 3610 1506 3676 0001-

279 3713 363 3763 quam
381 3697 472 3750 totum
496 3696 581 3750 fuerit
598 3713 666 3765 opus
685 3697 851 3761 absolutum,
879 3714 1017 3751 unacum
1036 3715 1067 3751 ec
1087 3696 1214 3766 accipiat.
1253 3695 1405 3751 eundemne
1424 3696 1507 3750 filiolo

278 3787 387 3839 mortuo
405 3785 597 3840 lamentabiles
621 3786 685 3840 dure
704 3785 813 3841 litteras
838 3785 873 3840 ad
891 3786 1009 3841 amicum
1032 3787 1092 3856 ipso
1111 3803 1142 3840 eo
1165 3787 1289 3854 tempore
1313 3802 1367 3852 quo
1385 3785 1508 3839 Fortuna

278 3873 336 3928 nim
355 3873 380 3928 ei
399 3874 536 3940 attulerit,
555 3874 602 3928 sed
621 3874 677 3945 legi
696 3875 760 3929 illas
778 3875 888 3930 litteras
907 3875 978 3930 00110
997 3876 1031 3929 01
1051 3875 1139 3930 amico
1159 3892 1221 3929 oum
1241 3874 1374 3928 absolutis
1393 3875 1506 3929 1001110·

277 3962 361 4016 110010
380 3963 457 4017 libris
476 3963 631 4018 duodecim!
651 3964 766 4019 minime
785 3964 876 4020 hercle
894 3964 972 4019 nobis
990 3965 1130 4033 putandus
1148 3966 1191 4018 est
1204 3962 1306 4017 Fabius
1324 3962 1407 4018 fuisse
1427 3964 1506 4018 homo

276 4056 337 4106 tam
356 4051 496 4106 ridiculus.
534 4069 588 4120 quo
608 4053 693 4108 0100
712 4053 1040 4123 temporescriptasunt
1062 4053 1209 4122 prooemia,
1233 4070 1321 4121 paene
1344 4053 1438 4107 eodem
1462 4054 1507 4107 uel

275 4141 359 4210 paulo
382 4143 444 4210 post
467 4142 540 4196 lecta
563 4145 628 4196 sunt
647 4160 664 4198 a
682 4142 790 4198 Vitorio
813 4161 875 4197 cum
899 4143 993 4211 eisque
1017 4160 1065 4198 eae
1088 4142 1178 4212 operis
1200 4145 1292 4211 partes
1311 4141 1410 4210 quibus
1429 4160 1505 4212 prae·

275 4230 383 4284 cedunt.
421 4230 517 4299 itaque
540 4232 660 4301 primum
683 4250 746 4287 cum
768 4231 877 4287 Vitorio
900 4232 983 4286 libros
1006 4235 1062 4286 tres
1083 4232 1193 4300 priores,
1222 4231 1350 4300 deinceps
1373 4235 1505 4300 quartum

275 4323 303 4374 et
325 4319 464 4388 quintum,
492 4320 610 4389 denique
634 4324 746 4388 ceteros,
774 4321 990 4376 communicanit
1009 4321 1209 4387 Quintilianus:
1237 4337 1327 4389 neque
1350 4322 1399 4376 hos
1421 4321 1503 4374 010001

274 4427 375 4477 omnes,
395 4409 442 4464 sed
461 4413 510 4466 001
529 4411 682 4480 singulos
701 4414 751 4466 aut
769 4429 824 4466 000
842 4414 965 4481 tempore
983 4429 1083 4480 000000
1103 4429 1166 4466 eum
1190 4410 1297 4465 amico
1316 4411 1503 4465 tradidisse

273 4516 325 4570 ego
343 4499 457 4569 supicer.

362 4589 434 4655 Quid
453 4590 537 4645 uero?
567 4607 657 4646 00000
676 4590 758 4645 simul
777 4609 871 4646 omnes
889 4590 972 4646 libros
992 4589 1112 4645 uidimus
1131 4607 1188 4646 esse
1206 4590 1314 4646 editos?
1346 4592 1431 4658 atque
1445 4590 1502 4644 iam

272 4683 304 4732 tn
323 4696 371 4732 nos
391 4679 520 4735 arbitrari
544 4679 621 4734 iubes
640 4682 748 4748 partem
767 4698 800 4735 ex
818 4683 897 4749 parte
915 4679 1123 4734 Institutionem
1148 4680 1178 4734 10
1203 4697 1301 4734 manus
1320 4679 1423 4734 Viturii
1442 4697 1500 4748 per·
