3250 5016
854 320 966 384 40,

263 517 420 584 Arellium
446 517 600 602 Fuscum,
632 516 799 602 Papirium
830 514 1025 598 Fabianum,
1059 513 1203 580 Cestium
1229 513 1336 598 Pium,
1367 512 1489 579 lunium

265 624 455 710 Gallionem,
471 624 622 708 Curtium,
642 623 757 688 lulium
772 621 967 706 Africanum,
984 621 1016 686 M
1030 621 1152 706 Aprum
1169 642 1243 686 uum
1257 620 1437 703 incesserit,
1451 638 1489 684 ne

265 731 451 798 coniectura
474 731 604 816 quidem
627 729 786 815 suspicari
810 749 991 814 possumus.
1038 729 1120 794 satis
1149 733 1199 794 est
1222 727 1406 794 habendum
1429 747 1490 792 non

265 839 424 924 ignorare,
448 858 604 922 quosnam
628 858 686 904 suo
709 838 778 902 iure
801 836 856 901 ille
880 835 1048 920 increpare
1071 835 1254 920 potuerit.
1280 873 1318 882 -
1346 834 1490 900 uenimus

265 947 331 1010 iam
354 945 398 1010 ad
422 966 478 1012 eos
502 945 557 1030 qui
580 946 621 1010 ab
646 944 761 1011 eadem
785 949 878 1030 parte
904 949 1001 1026 atque
1025 942 1080 1008 ille
1105 941 1236 1008 stetisse
1259 941 1396 1027 putandi
1412 947 1490 1008 suut.

357 1051 412 1138 10)
444 1053 492 1118 Ao
524 1052 663 1118 Iulium
692 1049 906 1117 Secundum
938 1069 978 1116 ex
1007 1049 1121 1116 amicis
1150 1049 1217 1116 suis
1247 1048 1349 1115 fuisse
1372 1048 1491 1114 Fabius

266 1165 403 1227 testatur
429 1160 461 1224 X
489 1163 518 1245 3,
550 1162 598 1225 12.
645 1158 722 1242 quid
750 1157 889 1224 ualuerit
919 1155 1065 1242 dicende,
1093 1156 1217 1222 indicat
1245 1155 1320 1222 libri
1349 1155 1492 1222 eiusdem

204 1305 206 1310 ·
267 1287 284 1333 c
313 1275 336 1352 1,
361 1269 402 1348 ἐξ
429 1269 492 1333 120
516 1272 548 1332 et
574 1267 645 1332 121.
691 1265 753 1349 quo
783 1265 854 1330 loco
884 1263 946 1330 etsi
974 1263 1083 1347 aliqua
1107 1264 1188 1328 uitia
1217 1263 1351 1328 nonita
1375 1264 1492 1346 exigua

267 1373 438 1459 opprobrio
470 1373 499 1438 ei
528 1378 703 1458 uertuntur,
735 1379 844 1438 tamen
871 1371 971 1436 multo
1000 1370 1105 1454 magis
1133 1368 1285 1435 laudatur
1313 1391 1411 1454 quam
1438 1370 1491 1434 im-

265 1482 421 1566 probatur
449 1486 481 1545 et
508 1480 706 1566 improbatur
734 1478 830 1544 modo
853 1478 1029 1544 leuissimo.
1076 1476 1271 1543 conferenda
1304 1484 1379 1544 sunt
1412 1497 1492 1561 quae

268 1594 397 1654 exstant
420 1587 454 1652 in
476 1587 610 1671 Dialogi
634 1608 651 1652 c
675 1590 694 1652 2
719 1586 806 1652 dicta
830 1586 914 1651 hunc
941 1585 975 1650 in
1004 1584 1147 1650 modum:
1181 1585 1329 1668 quamuis
1352 1584 1492 1669 maligne

267 1694 413 1780 plerique
441 1695 650 1780 opinarentur
673 1715 732 1760 nec
756 1693 897 1760 Secundi
926 1700 1108 1780 promptum
1136 1713 1209 1760 esse
1234 1713 1413 1759 sermonem
1438 1713 1492 1776 cqs

268 1810 314 1868 et:
348 1801 497 1868 Secundo
531 1822 630 1888 purus
662 1807 694 1866 et
721 1821 865 1886 pressus,
900 1807 932 1866 et
959 1799 993 1865 in
1021 1805 1176 1884 quantum
1204 1799 1286 1866 satis
1315 1806 1394 1886 erat,
1423 1821 1492 1885 pro-

267 1908 371 1974 fluens
396 1928 500 1974 sermo
524 1929 588 1974 non
612 1907 723 1974 defuit.
747 1947 781 1956 -
815 1929 855 1974 ex
881 1908 932 1974 his
956 1928 1029 1973 mea
1057 1906 1187 1989 quidem
1216 1907 1376 1972 sententia
1404 1913 1493 1993 patet

268 2015 386 2080 Iulium
409 2016 492 2081 inter
519 2016 669 2082 meliores
698 2015 768 2081 eius
798 2015 952 2100 temporis
982 2020 1127 2080 oratores
1157 2014 1226 2080 siue
1254 2014 1429 2101 scriptores
1453 2053 1491 2061 -

269 2122 449 2209 composuit
487 2123 571 2188 enim
607 2123 682 2187 Iulii
712 2121 858 2188 Africani
891 2122 992 2188 uitam
1024 2121 1201 2188 secundum
1231 2121 1309 2185 Dial
1333 2142 1350 2186 c
1377 2125 1417 2188 14
1450 2119 1497 2206 (cf

270 2229 336 2295 adn
364 2232 418 2308 25)
447 2251 583 2296 -esse
611 2229 832 2297 referendum:
866 2230 977 2314 itaque
1006 2250 1078 2295 cum
1100 2229 1202 2294 Fabio
1226 2229 1431 2296 consensisse
1455 2228 1494 2294 de

268 2337 394 2403 ratione
422 2356 486 2420 qua
514 2343 546 2402 et
577 2335 750 2402 dicendum
777 2337 820 2402 sit
849 2344 881 2402 et
914 2336 1125 2403 scribendum.
1173 2335 1330 2402 dissentio
1354 2336 1494 2420 igitura

269 2442 480 2528 Teuffelio,
514 2444 568 2528 qui
598 2444 629 2508 H
650 2444 677 2508 L
701 2445 729 2508 R
752 2446 772 2525 ὅ
797 2446 861 2510 315
890 2444 943 2527 (--
961 2466 982 2529 p
1000 2447 1062 2510 712
1089 2443 1130 2510 ed
1155 2444 1264 2526 Schw)
1290 2451 1401 2509 censet
1425 2464 1494 2508 eum

270 2572 290 2616 a
313 2571 467 2636 peruerso
492 2550 676 2634 elegantiae
701 2556 733 2616 et
757 2549 953 2617 artificiosae
978 2551 1170 2618 elocutionis
1186 2550 1292 2617 studio
1313 2552 1493 2634 aequalium

269 2677 334 2722 non
357 2657 498 2722 alienum
521 2656 632 2742 fnisse,
657 2657 718 2723 etsi
742 2657 847 2724 minus
871 2657 928 2722 illa
952 2658 1142 2744 captauerit,
1166 2679 1263 2742 quam
1285 2658 1318 2722 M
1342 2661 1438 2743 Aper.
1467 2655 1499 2721 cf

271 2763 312 2831 de
344 2785 383 2830 eo
411 2764 612 2830 Plutarchi
640 2765 687 2830 uit
719 2763 856 2830 Othonis
886 2785 903 2830 c
928 2769 960 2830 l:
994 2763 1042 2830 ἐπὶ
1073 2777 1130 2830 τῶν
1159 2764 1316 2830 ἐπιστολῶν
1343 2771 1495 2852 γενόμενος

269 2881 320 2936 roo
340 2870 497 2955 Ὄθωνος,
531 2892 593 2956 quo
626 2870 697 2937 loco
727 2870 879 2937 docemur
907 2871 1024 2937 Iulium
1058 2871 1228 2958 scripsisse
1263 2871 1303 2936 de
1331 2873 1427 2937 rebus
1454 2869 1494 2935 ad

270 2977 464 3044 Bedriacum
488 2978 600 3062 gestis.

361 3088 418 3167 ll)
442 3085 658 3152 DeVitorio
677 3085 924 3171 Marcelloil),
948 3086 1003 3169 qui
1025 3085 1110 3150 mihi·
1126 3085 1178 3150 hic
1202 3093 1253 3152 est
1275 3086 1494 3168 nominandus,

270 3211 375 3277 paene
398 3191 478 3256 nihil
500 3197 610 3258 notum
634 3198 693 3258 est.
738 3200 846 3258 tamen
870 3213 911 3258 ex
935 3214 972 3260 eo
997 3192 1084 3277 quod
1099 3191 1317 3269 Quintilianus
1341 3194 1389 3258 illi
1403 3193 1494 3260 Iusti·

271 3298 427 3364 tutionem
450 3298 574 3389 dicauit
597 3299 640 3364 ad
656 3299 773 3365 Getam
796 3299 897 3365 filium
920 3299 1130 3365 erudiendum
1155 3300 1203 3380 (cf
1215 3298 1251 3388 [Ι]
1272 3321 1404 3386 prooem
1419 3305 1438 3383 ξ
1453 3299 1494 3386 6),

273 3425 346 3470 cum
368 3406 478 3491 aliqua
501 3407 571 3471 ueri
595 3407 704 3492 specie
728 3407 903 3474 conicimus
922 3406 1111 3473 Marcellum
1133 3428 1197 3473 nou
1220 3407 1315 3472 modo
1340 3407 1494 3474 amicissi-

269 3532 356 3577 mum
378 3513 426 3578 illi
450 3513 560 3599 fuisse,
585 3513 644 3579 scd
673 3515 771 3581 etiam
800 3514 916 3580 studiis
941 3514 1165 3597 sententiaque
1194 3515 1494 3582 coniunctissimum.

362 3625 415 3698 12)
443 3621 655 3707 Vipstanus
682 3622 871 3707 Messala,
904 3623 959 3706 qui
991 3622 1153 3688 inducitur
1181 3623 1215 3688 in
1238 3623 1380 3707 Dialogo
1405 3645 1422 3690 c
1448 3627 1494 3707 14,

270 3727 311 3792 ab
335 3727 422 3812 Apro
446 3729 647 3813 uituperatur
675 3750 693 3794 c
719 3731 768 3813 15,
802 3729 887 3812 quod
920 3749 986 3794 non
1016 3729 1145 3796 desinat
1171 3736 1283 3795 uetera
1311 3737 1437 3796 tantum
1465 3737 1495 3796 et

271 3835 404 3917 antiqua
431 3835 554 3918 mirari,
586 3836 714 3902 illorum
742 3842 849 3901 autem
877 3843 1056 3922 temporum
1090 3836 1199 3902 studia
1226 3837 1367 3904 inridere
1400 3845 1494 3921 atque

271 3948 482 4008 contemnere.
529 3942 647 4009 deinde
670 3965 690 4008 a
714 3964 731 4008 c
755 3947 797 4009 25
821 3944 991 4027 usquead
1015 3964 1032 4009 c
1052 3947 1094 4010 35
1118 3965 1182 4008 uon
1205 3945 1309 4011 minus
1334 3953 1494 4011 strenuum

271 4049 475 4132 antiquitatis
499 4072 535 4117 se
558 4058 705 4136 praestat
729 4051 931 4118 defensorem
954 4073 1051 4134 quam
1073 4058 1150 4117 ante
1164 4051 1252 4137 Aper
1274 4051 1494 4119 uehementem

270 4177 306 4223 se
333 4157 483 4243 praebuit
510 4158 747 4225 insectatorem.
808 4180 891 4242 quae
923 4159 1069 4243 legentes
1103 4158 1199 4225 facile
1231 4158 1430 4246 adducimur,
1461 4166 1494 4224 ut

361 4333 400 4402 Η)
418 4335 563 4390 Nohlius
582 4339 610 4391 et
629 4337 675 4390 Th
693 4338 913 4392 Mommsenns
932 4337 1050 4392 Hermae
1063 4338 1110 4392 vol
1123 4337 1176 4390 XII
1190 4340 1218 4392 et
1232 4337 1298 4391 XHI
1317 4339 1493 4394 ostenderunt

269 4424 386 4478 formam
404 4425 545 4479 Victorius
568 4443 657 4494 neque
682 4444 743 4480 cnm
766 4427 952 4481 monumentis
964 4417 966 4422 ’
977 4445 1066 4495 neque
1085 4446 1147 4482 cnm
1165 4446 1217 4481 usu
1237 4427 1294 4482 eius
1314 4429 1416 4483 aetatis
1434 4447 1493 4483 oon·

269 4513 371 4569 nenne.
407 4513 503 4583 itaque
526 4515 600 4584 apud
622 4515 740 4570 Fabium
763 4515 865 4584 ubique
889 4530 905 4570 e
932 4516 1016 4572 litera
1043 4517 1072 4570 in
1100 4518 1149 4572 illo
1172 4518 1282 4572 nomine
1305 4520 1347 4572 cst
1371 4517 1491 4573 delenda.

270 4603 323 4658 loci
342 4606 406 4658 sunt
424 4603 466 4657 hi:
489 4603 523 4672 [l]
543 4621 654 4672 prooem
673 4605 688 4672 ξ
708 4606 732 4660 6.
769 4605 809 4659 IV
827 4622 938 4673 prooem
957 4606 971 4673 ξ
988 4607 1011 4660 1.
1040 4607 1080 4662 VI
1097 4624 1208 4676 prooem
1227 4610 1241 4670 ξ
1258 4608 1281 4662 1.
1318 4607 1371 4660 XII
1392 4609 1432 4675 11,
1451 4608 1491 4662 31.
