3250 5016
715 327 755 390 27

122 520 143 586 5
178 525 210 586 et
243 523 271 585 6.
304 558 347 568 —
378 521 499 587 Fabius
528 521 627 604 igitur
650 541 722 586 curn
752 540 865 586 seuero
896 519 1016 585 iudicio
1046 520 1153 585 omnia
1180 519 1349 585 damnaret

123 648 344 712 quaecumque
376 628 545 713 tumidam,
578 629 719 713 mollem,
754 647 903 694 eneruem
937 628 1100 694 efficerent
1124 628 1347 713 eloquentiam,

122 741 231 800 tamen
255 757 317 800 non
337 757 375 801 eo
396 737 564 821 processit,
587 743 623 801 ut
646 757 730 819 quae
753 737 859 819 magis
883 735 1090 801 oblectationi
1115 742 1225 802 essent
1252 757 1347 818 quam

122 841 256 906 utilitati
287 864 414 909 moroso
447 843 595 926 tristique
631 843 721 908 uultu
746 864 786 908 ex
810 842 921 908 schola
944 843 1069 908 iuberet
1091 843 1243 908 amoueri.

212 949 318 1032 Atque
342 971 413 1015 cum
437 970 547 1016 omnes
571 950 659 1016 locos
683 951 738 1033 qui
766 949 941 1014 reuocandi
969 951 1034 1015 sint
1061 949 1104 1014 ad
1132 950 1347 1032 eloquentiam

122 1063 306 1141 corruptam
331 1057 484 1140 colligere
507 1057 585 1121 mibi
610 1058 652 1122 sit
674 1057 882 1143 propositum,
905 1041 1008 1122 restat
1026 1064 1061 1122 ut
1080 1056 1226 1122 adferam
1244 1057 1348 1122 locum

121 1164 178 1228 ubi
211 1163 251 1229 de
289 1164 376 1230 illius
411 1164 583 1230 facundiae
616 1163 704 1249 apud
739 1163 975 1229 multitudinem
1012 1164 1110 1230 laude
1152 1163 1231 1229 dicit
1265 1164 1348 1228 haec

122 1269 201 1352 (XII
227 1275 276 1355 10,
302 1271 460 1358 74-7ss):
486 1272 572 1354 quod
596 1270 725 1355 quidem
749 1269 864 1357 [genus
878 1269 1019 1358 dicendi]
1034 1272 1191 1356 placere
1214 1271 1346 1336 multis

120 1397 182 1442 nec
205 1377 325 1442 infitior
347 1398 406 1443 nec
430 1379 534 1444 miror.
582 1386 632 1444 est
660 1379 745 1444 enim
767 1376 908 1443 iucunda
936 1379 1067 1444 auribus
1092 1400 1131 1443 ac
1159 1377 1348 1443 fauorabilis

121 1485 356 1568 qualiscunque
385 1487 569 1569 eloquentia
598 1493 630 1550 et
654 1485 743 1551 ducit
767 1486 891 1550 animos
920 1485 1061 1549 naturali
1089 1485 1257 1570 uoluptate
1284 1505 1348 1549 uox

121 1592 227 1658 omnis
251 1591 378 1678 ....(§
404 1594 456 1670 75)
481 1592 536 1658 ubi
559 1613 636 1658 uero
661 1592 739 1676 quid
759 1593 951 1675 exquisitius
975 1591 1096 1656 dictum
1120 1592 1240 1657 accidit
1263 1593 1347 1656 auri-

120 1701 183 1765 bus
207 1699 434 1785 imperitorum,
458 1699 683 1783 qualecunque
706 1699 741 1764 id
766 1706 827 1784 est,
856 1699 943 1782 quod
970 1698 1065 1763 modo
1091 1720 1126 1765 se
1158 1700 1222 1784 ipsi
1249 1719 1348 1785 posse

121 1806 304 1892 desperent,
328 1807 427 1873 habet
450 1806 709 1890 admirationem,
737 1827 842 1889 neque
865 1807 1031 1872 immerito.
1087 1828 1160 1871 nam
1192 1827 1234 1871 ne
1267 1805 1348 1871 illud

122 1913 253 1997 quidem
268 1913 364 1980 facile
381 1921 439 1980 est.
464 1913 523 1980 sed
540 1920 738 1980 euanescunt
751 1914 833 1978 haec
849 1920 881 1978 et
896 1915 1092 1979 emoriuntur
1107 1915 1348 1999 comparatione

121 2019 298 2104 meliorum,
322 2027 357 2085 ut
379 2021 456 2085 lana
480 2021 580 2086 tincta
606 2021 679 2085 luco
704 2020 785 2086 citra
808 2041 968 2105 purpuras
992 2021 1101 2104 placet
1119 2073 1126 2086 .
1142 2071 1149 2086 .
1164 2072 1195 2086 ..
1219 2019 1253 2107 (ξ
1275 2020 1346 2107 76);

122 2127 151 2192 si
183 2147 260 2192 uero
294 2127 446 2192 iudicium
479 2127 529 2193 his
562 2128 720 2212 corruptis
744 2128 851 2193 acrius
881 2127 1053 2211 adhibeas,
1081 2135 1117 2192 ut
1139 2127 1255 2194 fucinis
1284 2130 1347 2194 sul-

120 2255 212 2319 pura,
229 2235 293 2299 iam
307 2235 397 2300 illum
412 2255 474 2318 quo
490 2234 673 2301 fefellerant
688 2241 808 2300 exuant
827 2236 995 2300 mentitum
1010 2236 1150 2300 colorem
1165 2242 1197 2300 et
1207 2234 1347 2318 quadam

119 2343 177 2406 uix
200 2343 373 2408 enarrabili
397 2342 554 2407 foeditate
567 2342 758 2427 pallescant.
804 2343 913 2408 lucent
927 2342 1027 2425 igitur
1039 2343 1122 2408 baec
1141 2343 1222 2407 citra
1238 2343 1346 2426 solem,

120 2455 156 2513 ut
180 2449 340 2532 quaedam
373 2450 491 2533 exigua
520 2450 675 2515 animalia
703 2449 837 2533 igniculi
867 2448 1017 2514 uidentur
1040 2449 1073 2513 in
1101 2449 1251 2514 tenebris.
1302 2450 1349 2513 ait

119 2557 220 2639 igitur
242 2557 377 2622 Fabius:
401 2556 576 2622 laudantur
599 2557 655 2641 illi,
678 2557 814 2643 primum
838 2555 924 2639 quod
948 2557 1051 2622 omnis
1074 2554 1228 2621 facundia
1241 2556 1348 2638 qualis

119 2671 171 2729 est
195 2684 320 2746 cunque
343 2663 541 2729 multitudini
564 2663 681 2749 placet,
705 2663 859 2748 deinceps
884 2662 970 2746 quod
995 2664 1101 2727 omnia
1125 2682 1208 2745 quae
1227 2683 1248 2726 a
1264 2683 1347 2727 com-

117 2771 208 2835 muni
231 2771 286 2835 uia
310 2770 474 2836 declinant
497 2770 671 2836 insolentia
695 2791 754 2835 sua
777 2770 944 2855 imperitos
968 2770 1151 2855 opprimunt
1174 2776 1272 2852 atque
1296 2789 1347 2834 oc-

118 2883 250 2962 cupant.
285 2877 343 2943 sed
365 2877 463 2944 laude
492 2879 556 2943 ista
584 2877 768 2959 eloquentia
800 2877 930 2942 minime
965 2876 1065 2960 digna
1099 2883 1157 2942 est.
1212 2898 1287 2942 nam
1319 2876 1346 2942 si

119 3006 161 3051 ea
185 2984 301 3068 quibus
325 2986 450 3050 animos
474 2984 587 3049 adlicit
610 2984 745 3050 acrioris
769 2985 889 3048 trutina
913 2984 1025 3048 iudicii
1048 2991 1233 3069 pensantur,
1262 2983 1349 3048 leuia

119 3097 260 3177 apparet
284 3112 357 3158 esse
382 3099 414 3157 et
437 3092 557 3157 nullius
579 3091 686 3176 pretii.
708 3127 741 3136 -
771 3091 869 3156 etiam
892 3091 1001 3156 multis
1025 3090 1100 3155 aliis
1117 3089 1214 3175 locis,
1239 3111 1256 3156 e
1280 3089 1347 3172 qui-

117 3202 179 3266 bus
203 3199 333 3264 nomino
356 3201 388 3264 X
413 3203 440 3284 1,
468 3202 538 3284 130,
563 3204 671 3263 orator
694 3197 784 3280 uulgi
808 3196 917 3262 studia
941 3203 973 3262 et
996 3196 1117 3262 iudicia
1136 3217 1156 3262 a
1173 3218 1209 3262 se
1223 3196 1348 3282 despici

119 3315 152 3374 et
174 3328 234 3393 pro
258 3306 358 3371 nihilo
383 3307 497 3372 haberi
519 3306 658 3388 ingenue
681 3306 809 3370 fatetur.
