3250 5016
875 363 919 430 68

278 566 397 634 torices
427 571 531 632 status
554 565 588 631 iu
612 563 752 632 saeculis
773 586 796 651 p
822 563 886 634 chr
908 585 929 630 ιι
952 561 1054 650 primo
1079 559 1255 648 alteroque,
1284 560 1326 628 dc
1351 561 1508 649 sophistis

280 674 393 761 paucis
417 673 545 740 uidetur
568 694 642 743 esse
665 671 908 759 exponendum⁴
916 669 951 757 ¹).

371 783 464 849 Circa
488 802 606 848 aunum
631 783 681 866 75,
705 801 768 865 quo
792 787 937 868 tempore
961 779 1096 846 Tacitus
1119 778 1297 864 Dialogum
1320 779 1415 865 fingit
1439 803 1512 850 esse

280 891 432 975 habitum,
462 891 619 958 Nicetes
644 888 806 974 sacerdos,
836 889 1041 974 Smyrnaeus,
1069 889 1192 954 Romae
1215 908 1236 954 a
1258 888 1368 956 multis
1392 910 1512 974 magua

281 999 495 1066 admiratione
519 996 649 1064 auditus
674 1003 732 1064 est.
780 996 816 1064 cs
825 996 904 1062 Dial
919 1017 936 1063 c
954 994 1044 1083 15⁴²)
1069 1002 1102 1063 et
1125 995 1316 1062 Philostrati
1340 1017 1361 1062 u
1386 997 1513 1085 sophist

280 1106 334 1174 uel
359 1109 388 1191 2,
410 1127 431 1191 p
457 1107 498 1172 24
522 1104 748 1190 Kayserianae
773 1102 823 1170 ed.
869 1102 1024 1191 deinceps
1057 1109 1093 1170 ut
1125 1104 1280 1172 Romanis
1314 1105 1412 1172 ualde
1443 1106 1512 1192 pla·

282 1221 377 1298 oeret,
405 1213 520 1280 Isaeo
544 1212 680 1296 Assyrio
704 1210 883 1295 contigisse
912 1218 1026 1278 auctor
1048 1217 1099 1278 est
1121 1211 1247 1278 Plinius
1273 1211 1359 1297 epist
1382 1214 1415 1278 ΙΙ
1437 1216 1467 1298 3,
1494 1218 1509 1280 1
1616 1217 1617 1222 ’

281 1321 332 1388 his
355 1321 477 1386 uerbis:
501 1339 621 1402 magua
644 1319 773 1384 Isaeum
797 1316 886 1384 lama
908 1325 1143 1404 praecesserat
1166 1319 1271 1384 maior
1286 1320 1437 1386 inuentus
1454 1327 1514 1387 est.

283 1428 341 1494 sub
355 1426 515 1493 Hadriani
539 1425 673 1512 imperio
697 1425 874 1492 docuerunt
887 1425 1103 1512 Dionysius
1118 1425 1265 1492 Milesius
1287 1423 1441 1512 [Philostr
1464 1427 1514 1492 ld

282 1537 357 1620 p35
372 1531 425 1622 Kl,
449 1533 651 1598 Lollianus
674 1531 837 1618 Ephesius
862 1531 1033 1621 [ibidp38
1050 1531 1109 1620 sql,
1133 1533 1287 1599 Marcus
1311 1533 1514 1617 Byzantinus

286 1640 366 1729 [ibid
397 1643 442 1707 40
474 1637 555 1728 sqql,
600 1639 688 1706 lsaei
721 1638 881 1726 discipuli,
914 1647 947 1708 et
980 1638 1159 1725 discipulus
1191 1639 1327 1707 Nicetae
1361 1641 1416 1724 qui
1454 1641 1515 1709 tuit

285 1747 543 1833 Scopelianns
568 1745 647 1834 [ibid
669 1768 691 1832 p
716 1743 781 1834 27].
828 1746 882 1829 qui
905 1746 1051 1814 homiues
1080 1745 1159 1830 quid
1183 1745 1322 1813 diceudo
1351 1747 1516 1814 noluerint

284 1855 422 1940 efficere,
449 1855 631 1941 perspicias
662 1875 702 1920 ex
730 1874 768 1920 eo
797 1853 884 1938 quod
912 1853 1131 1922 Philostratus
1156 1850 1222 1941 [uol
1246 1857 1275 1939 2,
1299 1856 1344 1920 24
1366 1853 1409 1943 Κ]
1436 1855 1516 1922 dicit
1617 1865 1618 1896 ³

284 1964 326 2031 de
353 1964 481 2030 Niceta:
520 1961 539 2050 ἡ
566 1960 630 2027 ἰδέα
657 1973 713 2026 τῶν
743 1965 839 2044 λόγων
865 1967 992 2049 τοῦμὲν
1019 1961 1145 2049 ἀρχαῖοι)
1177 1969 1229 2027 καὶ
1261 1964 1410 2028 πολιτικοῦ
1441 1962 1514 2030 ἀπο·
1617 1949 1618 1956 ¹

285 2075 419 2158 βέβηκεν,
451 2067 627 2158 ι’)πόβακχος
653 2073 685 2136 δέ
711 2075 765 2135 καὶ
791 2071 1027 2158 διθυραμβώδης,
1055 2074 1109 2144 τὰς
1136 2068 1273 2144 δ’ἐννοὶας
1299 2068 1376 2145 ἰδίας
1403 2096 1435 2138 τε
1462 2077 1517 2137 καὶ

284 2179 467 2264 παραδόξους
490 2177 649 2254 ἐκδίδωσιν,
672 2176 767 2264 ὥςπερ
790 2178 817 2242 oi
840 2181 975 2265 βακχεῐοι
997 2181 1099 2243 θίασοι
1111 2183 1146 2244 τὸ
1162 2180 1228 2264 μέλι
1249 2183 1302 2243 καὶ
1319 2180 1387 2252 τοὺς
1405 2179 1516 2266 ἑσμοὺς

284 2298 337 2354 τοῦ
360 2289 520 2367 γάλακτος.
567 2306 588 2350 a
616 2284 754 2351 ueritate
781 2285 870 2351 uitae
897 2306 1065 2369 rerumque
1093 2284 1304 2350 humanarum
1331 2284 1431 2352 alieni
1464 2307 1516 2352 so-

284 2395 415 2480 phistae
448 2412 579 2478 operam
617 2391 775 2458 dederuut
812 2392 873 2458 soli
908 2392 1068 2478 uoluptati
1105 2391 1296 2458 auditorum.
1359 2413 1423 2476 quo
1461 2394 1516 2460 ob-

287 2500 430 2567 lectandi
454 2499 561 2567 studio
585 2499 734 2566 commoti
757 2500 858 2566 uerba
881 2498 1033 2584 fecerunt,
1061 2500 1190 2565 minime
1214 2498 1374 2567 derebus
1399 2501 1517 2585 quibus

287 2615 355 2676 tum
381 2608 544 2674 homiuum
573 2607 672 2673 animi
699 2606 941 2692 adliciebantur,
975 2605 1034 2674 sed
1061 2606 1104 2672 ad
1132 2606 1207 2674 illas
1237 2627 1320 2691 quae
1347 2608 1518 2693 permultis

289 2715 429 2782 saeculis
457 2722 532 2782 ante
561 2714 733 2781 immortali
762 2715 867 2798 gloria
896 2714 1067 2780 Graeciam
1097 2713 1316 2780 inlustrarant
1363 2715 1412 2782 sic
1442 2715 1519 2782 Sco·
1618 2787 1619 2806 ἶ

289 2822 438 2907 polianus
462 2824 581 2908 optime
605 2822 718 2889 calluit
739 2824 773 2888 in
795 2822 931 2889 Medicis
955 2821 1050 2888 bellis
1074 2820 1265 2887 enarrandis
1290 2818 1322 2907 [p
1338 2819 1404 2909 33].
1442 2824 1521 2889 Dio-

288 2930 402 3014 nysius
425 2930 517 2995 finxit
539 2930 789 2997 Demosthenem
812 2936 887 3016 post
909 2948 1052 3014 pugnam
1074 2926 1334 2994 Chaeronensem
1357 2928 1402 2994 ad
1427 2951 1521 2996 sena-

290 3044 356 3102 tum
371 3037 614 3103 Atheniensium
633 3038 734 3103 uerba
758 3036 938 3120 facientem,
962 3036 1090 3100 Marcus
1109 3035 1308 3118 Byzantinus
1330 3034 1521 3120 Spartiates

291 3145 431 3226 aliquem
454 3144 581 3210 induxit
605 3144 793 3211 suadentem
814 3144 948 3226 ciuibus,
972 3164 1013 3209 ue
1027 3142 1102 3208 illos
1126 3142 1181 3226 qui
1196 3141 1406 3227 Sphacteriae
1431 3147 1521 3232 capti

292 3258 401 3317 essent
424 3252 466 3316 ab
480 3252 732 3319 Atheniensibus
755 3251 881 3318 nobiles
904 3251 992 3318 uiros
1015 3251 1049 3316 in
1063 3251 1175 3316 urbem
1188 3251 1383 3335 reciperent:
1409 3255 1522 3338 posita

383 3411 418 3476 ⁴¹)
441 3412 562 3483 Egregia
585 3417 644 3468 arte
667 3411 797 3466 describit
821 3412 957 3481 sophistas
982 3411 1181 3466 Chehrsius
1204 3411 1234 3465 in
1258 3413 1458 3468 commentario
1478 3415 1523 3470 cui

266 3557 267 3562 ,
291 3503 407 3556 titulum
426 3502 541 3558 indidit:
561 3503 663 3556 Scenen
684 3520 732 3557 aus
751 3501 814 3556 dem
832 3502 977 3571 gelehrten
996 3501 1086 3555 Leben
1104 3500 1150 3555 bei
1169 3500 1303 3555 Grieehen
1323 3500 1380 3554 und
1398 3503 1523 3560 nomem

292 3592 334 3658 (ε
356 3593 490 3661 Popultre
518 3593 654 3654 Aulstttze
681 3591 795 3661 Leipzig
820 3592 896 3656 1856,
921 3610 940 3661 p
961 3590 1106 3659 184-93);
1140 3607 1222 3658 quem
1250 3590 1375 3658 sequitur
1403 3592 1520 3650 Fried-

292 3681 470 3736 laenderus
489 3682 499 3735 l
513 3682 530 3734 d
542 3699 561 3750 p
575 3682 627 3736 360
639 3699 697 3749 sqq.
725 3681 813 3735 fusius
827 3681 940 3750 exponit
958 3680 992 3735 de
1010 3680 1049 3735 eis
1063 3681 1085 3734 E
1101 3679 1261 3746 Rohdius,
1281 3680 1336 3734 Der
1348 3679 1524 3749 griechische

291 3772 398 3824 Boman
417 3789 436 3839 p
455 3771 506 3824 288
525 3787 576 3837 sqq
595 3773 623 3824 et
641 3770 698 3825 alia
716 3770 928 3826 considerandae
951 3771 991 3825 rei
1013 3771 1121 3825 ratione
1147 3771 1174 3824 H
1198 3771 1394 3838 Baumgmt,
1425 3771 1524 3827 Aelius

292 3860 427 3914 Aristides
451 3859 491 3914 als
509 3860 711 3927 Beprdsentant
734 3859 877 3928 dsophist
895 3861 939 3914 Rh
958 3859 988 3913 ds
1008 3861 1031 3913 2.
1051 3860 1134 3912 Jbrhs
1154 3859 1201 3913 der
1219 3861 1282 3924 Κ-Ζ,
1308 3858 1422 3929 Leipzig
1442 3862 1523 3928 1874,

293 3948 681 4018 p36.efmaximep41.43.
701 3950 744 4003 47.
780 3952 924 4018 praeterea
942 3949 1001 4018 egit
1020 3947 1053 4003 de
1072 3948 1221 4018 sophistica
1240 3951 1299 4002 arte
1318 3949 1524 4022 Bernhardy

292 4038 388 4092 Innere
407 4037 492 4091 Gescb
512 4036 530 4090 d
548 4055 581 4106 gr
600 4037 621 4090 L
639 4056 658 4107 p
678 4039 727 4092 517
747 4056 806 4106 sqq.

385 4124 420 4193 ⁴²)
443 4126 522 4180 Alius
545 4130 587 4181 est
604 4127 743 4182 Nicetes
766 4145 849 4196 quem
867 4127 969 4181 Seneca
987 4127 1084 4181 laudat
1103 4125 1222 4181 Coutrou
1241 4127 1280 4180 IX
1298 4127 1323 4190 2,
1343 4127 1377 4181 23
1401 4127 1525 4198 aliisque

293 4215 372 4280 loeis,
400 4218 432 4269 ut
458 4219 531 4270 reete
558 4219 652 4271 monet
679 4217 726 4271 Th
752 4218 972 4271 Mommsenus
1006 4216 1035 4268 in
1068 4215 1158 4270 indice
1185 4215 1313 4269 Pliniano
1343 4234 1355 4269 s
1378 4234 1406 4270 u.
1448 4221 1526 4287 quod

294 4305 369 4373 fugit
392 4305 611 4371 ERohdium,
641 4305 689 4373 qui
712 4305 875 4375 lupatio,
900 4306 985 4360 adnot
1007 4307 1029 4370 l,
1053 4304 1197 4359 contundit
1220 4308 1377 4372 utrumque.
1414 4311 1526 4363 rectum

295 4392 367 4447 uidit
385 4412 484 4463 nuper:
504 4395 533 4448 cf
548 4396 591 4448 Rh
611 4396 639 4448 M
658 4396 690 4448 41
711 4413 730 4464 p
750 4395 809 4449 183.
830 4395 858 4450 cf
874 4394 1036 4450 Suetonium
1060 4395 1133 4465 apud
1151 4395 1350 4464 Hieronymum
1374 4395 1410 4449 ad
1429 4415 1446 4450 a
1466 4399 1528 4454 Abr

296 4483 365 4538 1984
385 4506 414 4528 =
437 4485 506 4539 3211
530 4484 584 4539 Chr
607 4503 634 4538 n.
657 4485 702 4538 hic
726 4487 799 4539 certe
823 4503 894 4539 anno
922 4501 941 4554 p
965 4485 1020 4540 Chr
1042 4504 1061 4538 n
1080 4487 1114 4538 75
1138 4485 1277 4554 Ephesum
1300 4484 1346 4539 uel
1369 4486 1526 4556 Mytilenas

295 4577 427 4628 concentu
454 4574 678 4629 scholasticorum
703 4576 731 4628 et
753 4573 918 4628 clamoribus
945 4577 1059 4646 quatere
1082 4592 1137 4629 non
1161 4574 1261 4645 potuit,
1290 4577 1323 4629 ut
1346 4574 1388 4629 ait
1407 4575 1527 4636 Tacitus

294 4662 392 4720 Diale
413 4664 442 4715 15
462 4663 495 4720 de
513 4663 620 4720 Nicete.
