3250 5016
802 335 966 434 -24-

476 622 506 686 3.
538 619 719 704 Magistri
743 625 989 706 corrumpunt
1013 619 1286 704 eloquentiam.

231 827 234 834 .
362 743 590 828 Complures
614 763 687 811 esse
711 749 881 830 corruptae
897 743 1101 828 eloquentiae
1116 765 1234 811 causas
1253 745 1391 810 Fabium
1405 753 1495 831 puta-

271 849 360 917 uisse
384 871 423 916 ex
447 851 520 916 libri
544 850 586 918 de
606 851 653 918 eis
678 851 859 938 conscripto
883 851 1012 918 nomine
1028 851 1243 935 cognoscitur.
1289 871 1349 918 nos
1369 871 1409 917 cx
1432 852 1496 918 illis

272 978 381 1024 unam
404 965 529 1024 tantum
551 959 689 1044 probare
713 979 885 1044 possumus
909 958 954 1024 ibi
978 978 1050 1025 esse
1076 958 1266 1044 expositam.
1313 979 1410 1042 quam
1434 959 1496 1024 iam

272 1064 411 1132 diximus
434 1065 626 1132 collocatam
646 1066 748 1134 fuisse
767 1066 800 1131 in
823 1086 1009 1151 peruersa
1033 1065 1250 1132 scholarum
1266 1065 1497 1132 condicione

272 1172 558 1238 rhetoricarum.
595 1193 655 1240 nos
670 1173 778 1239 hercle
797 1193 861 1238 non
875 1172 1070 1259 primariam,
1094 1172 1154 1240 sed
1169 1171 1395 1240 secundariam
1409 1173 1496 1238 illam

273 1278 374 1346 fuisse
407 1300 540 1346 causam
568 1279 779 1346 censebimus.
836 1280 954 1346 etenim
978 1299 1075 1346 sensu
1099 1279 1155 1345 illo
1180 1280 1351 1346 tenerrimo
1366 1279 1496 1346 iudicio-

274 1406 336 1470 que
360 1386 612 1473 elegautissimo,
636 1407 699 1471 quo
715 1387 827 1454 Cicero
852 1387 986 1472 eiusque
1010 1386 1130 1454 aetatis
1154 1393 1300 1454 oratores
1314 1407 1386 1452 cum
1401 1406 1497 1472 snpra

274 1493 394 1559 iustum
417 1494 545 1560 modum
569 1493 723 1581 progredi
745 1494 898 1580 prohibiti
922 1501 990 1560 tum
1012 1494 1096 1560 ultro
1111 1492 1245 1559 adducti
1259 1501 1352 1560 erant
1366 1493 1410 1559 ad
1423 1513 1497 1560 uere

272 1600 448 1686 pulchrum,
473 1602 593 1668 sensim
609 1583 791 1686 sensimque
807 1602 953 1668 homines
970 1608 1043 1666 sunt
1058 1599 1213 1667 destituti.
1261 1600 1348 1684 quod
1364 1600 1497 1667 simulac

274 1707 344 1772 fieri
368 1715 418 1774 est
441 1716 598 1795 coeptum,
629 1709 682 1792 qui
711 1715 812 1774 artem
841 1709 1074 1794 profitebantur
1101 1708 1276 1774 oratoriam
1304 1715 1361 1774 aut
1388 1709 1451 1794 ipsi
1479 1729 1497 1771 a

272 1814 353 1880 recti
383 1814 489 1882 studio
518 1815 705 1882 defecerunt
732 1823 789 1882 aut
821 1815 981 1902 uoluptati
1012 1815 1174 1881 hominum
1206 1815 1364 1881 inseruire
1397 1814 1495 1880 coaot'

274 1929 356 1988 sunt.
401 1923 511 2006 itaque
534 1923 730 1990 necessitate
754 1922 895 2007 quadam
918 1923 951 1988 in
976 1922 1058 2007 ipsis
1082 1923 1178 1988 rebus
1193 1922 1302 2007 posita
1325 1923 1443 2007 euenit,
1465 1928 1498 1985 ut

274 2028 405 2095 scholae
434 2029 662 2096 delaberentur
683 2030 715 2094 in
740 2031 839 2096 talem
863 2036 982 2096 statum
1006 2028 1135 2112 qualem
1151 2029 1356 2112 conqueritur
1369 2029 1497 2094 Fabius.

275 2142 309 2200 at
332 2135 421 2200 illum
444 2156 508 2201 non
530 2135 654 2204 uidisse
677 2137 797 2202 fontem
820 2136 984 2222 perniciei,
1009 2135 1066 2202 red
1092 2135 1239 2202 canalem
1263 2156 1304 2201 ex
1332 2135 1388 2201 illo
1419 2135 1497 2202 deri-

168 2302 174 2314 ,
275 2248 385 2308 uatum
407 2242 561 2310 habuisse
585 2265 643 2329 pro
667 2244 755 2310 fonte
778 2244 851 2328 ipso
875 2243 1083 2310 manifestum
1103 2250 1153 2309 est
1172 2263 1212 2308 ex
1231 2242 1279 2308 eis
1296 2243 1437 2326 quaeda
1461 2263 1498 2308 ea

275 2371 309 2415 re
333 2348 412 2416 dicit
434 2351 467 2414 Il
493 2354 542 2436 10,
569 2354 668 2418 1-3:
797 2371 904 2436 pauca
932 2350 1010 2416 mihi
1056 2349 1097 2415 de
1129 2350 1202 2435 ipsa
1235 2350 1360 2416 ratione
1394 2349 1497 2415 decla-

274 2456 385 2521 mandi
408 2457 548 2524 dicenda
572 2466 654 2544 suut,
678 2479 762 2542 quae
790 2457 920 2542 quidem
948 2465 984 2523 ut
1013 2478 1053 2524 ex
1077 2457 1223 2523 omnibus
1250 2457 1428 2523 nouissime
1453 2457 1497 2520 in-

274 2570 381 2649 uenta,
413 2564 461 2630 ita
492 2565 591 2631 multo
625 2573 675 2631 est
707 2565 889 2632 utilissima.
944 2586 1019 2630 nam
1034 2616 1041 2630 .
1056 2617 1063 2630 .
1080 2615 1109 2630 ..
1142 2564 1290 2631 ueritatis
1321 2565 1497 2649 proximam

274 2671 449 2755 imaginem
466 2671 574 2738 reddit
596 2672 736 2756 ideoque
759 2673 806 2737 ita
830 2679 880 2739 est
903 2672 1076 2756 celebrata,
1100 2679 1136 2737 ut
1155 2671 1321 2757 plerisque
1336 2671 1499 2738 uideretur

187 2835 191 2842 .
275 2778 318 2844 ad
350 2777 552 2845 formandam
595 2780 813 2863 eloquentiam
835 2779 889 2845 uel
922 2780 993 2846 sola
1026 2779 1175 2846 sufficere
1190 2830 1197 2844 .
1213 2830 1219 2844 .
1234 2830 1264 2847 ..
1287 2798 1338 2844 eo
1372 2779 1498 2862 quidem

275 2886 419 2952 resista
447 2886 543 2971 culpa
571 2886 754 2953 docentium
782 2886 911 2974 recidit,
944 2895 980 2953 ut
1007 2886 1112 2952 inter
1138 2885 1376 2971 praecipuas
1405 2905 1499 2969 quae

276 3000 565 3078 corrumperent
589 2994 852 3078 eloquentiam
876 3015 1016 3060 causas
1040 2993 1208 3058 licentia
1227 3000 1324 3076 atque
1342 2992 1499 3058 inscitia

276 3100 577 3166 declamantium
595 3101 699 3167 fucrit.
732 3101 891 3167 accedunt
909 3105 950 3182 ἐξ
977 3104 1004 3166 7.
1026 3104 1056 3167 8.
1075 3151 1151 3167 ....
1174 3106 1276 3165 totum
1296 3099 1498 3165 declamandi
1600 3093 1602 3096 ’

276 3228 357 3292 opus
381 3206 436 3290 qui
459 3206 621 3274 diuersum
646 3208 850 3274 omnimodo
874 3229 894 3274 a
918 3207 1100 3274 forensibus
1124 3207 1233 3272 causis
1258 3207 1445 3272 existimant
1476 3205 1497 3268 ii

275 3313 419 3400 profecto
443 3315 664 3381 uenationem
688 3315 816 3400 quidem
841 3335 905 3398 qua
929 3314 993 3380 ista
1008 3314 1197 3380 exercitatio
1222 3313 1354 3379 inuenta
1370 3314 1412 3380 sit
1429 3333 1497 3399 per6

274 3422 396 3488 uident.
424 3441 499 3486 nam
523 3422 551 3488 si
575 3422 643 3488 foro
667 3444 730 3488 non
754 3428 936 3508 praeparet,
960 3427 1017 3486 aut
1036 3421 1206 3487 scaenicae
1221 3421 1431 3486 ostentationi
1445 3424 1497 3484 aut

276 3529 419 3596 furiosae
442 3529 667 3594 uociferationi
692 3530 887 3596 simillimum
911 3535 969 3595 est.
990 3567 1028 3576 -
1053 3549 1117 3593 non
1142 3536 1192 3594 est
1215 3526 1302 3611 quod
1325 3527 1376 3594 bis
1400 3527 1496 3592 adda-

275 3657 355 3703 mus.
400 3635 576 3701 uidendum
599 3636 710 3722 igitur,
739 3657 805 3702 cur
828 3636 1081 3702 declamatorum
1104 3635 1338 3702 institutionem
1365 3632 1497 3720 peruici-

277 3763 466 3815 osamesse
490 3743 693 3826 eloquentiae
717 3744 936 3822 Quintilianus
961 3743 1203 3810 existimauerit.

365 3850 533 3916 Persuasit
557 3851 618 3917 sibi
632 3850 886 3917 declamationes
901 3852 1051 3916 iuuentas
1067 3871 1148 3934 esse,
1172 3858 1207 3915 ut
1220 3849 1312 3934 pueri
1327 3855 1359 3914 et
1373 3848 1496 3913 adules-

277 3963 387 4023 centes
410 3957 495 4023 fictis
519 3957 627 4023 causis
651 3958 789 4040 agendis
812 3965 1084 4043 praepararentur
1108 3957 1150 4022 ad
1174 3978 1271 4022 ueras
1295 3963 1327 4022 et
1346 3956 1497 4022 forenses.

277 4063 364 4148 quod
386 4072 474 4129 recte
496 4064 567 4129 fieri
589 4064 623 4129 in
647 4065 766 4131 scholis
782 4066 894 4148 quales
912 4071 979 4130 tum
991 4064 1128 4130 floreant
1141 4064 1305 4140 infitiatur.
1352 4062 1500 4127 adfirmat

277 4172 362 4238 enim
385 4170 621 4237 declamatores
645 4192 716 4236 cum
743 4172 777 4236 in
808 4173 921 4237 umbra
953 4170 1088 4256 degant,
1120 4178 1253 4257 propter
1284 4171 1498 4253 ignorantiam
1542 4223 1544 4227 ,

277 4299 383 4345 rerum
406 4277 585 4344 forensium
608 4297 739 4363 operam
761 4299 826 4344 non
850 4277 937 4364 dare,
968 4286 1003 4344 ut
1027 4278 1071 4343 ad
1102 4279 1191 4344 uitae
1219 4278 1390 4344 ueritatem
1414 4297 1499 4343 exer-

277 4386 449 4452 citationes
472 4384 732 4470 adcommodant,
767 4386 826 4452 sed
858 4392 978 4451 temere
1010 4393 1043 4451 et
1076 4406 1116 4450 ex
1148 4385 1280 4451 arbitrio
1315 4391 1347 4450 et
1379 4384 1499 4468 fingere

277 4492 420 4557 themata
453 4498 485 4558 et
515 4490 693 4556 thematum
728 4492 954 4558 tractationem
991 4493 1160 4558 moderari.
1220 4499 1317 4575 atque
1348 4491 1433 4556 hanc
1455 4492 1499 4556 in-

277 4598 445 4664 scientiam
477 4605 509 4663 et
540 4597 702 4662 licentiam
735 4600 896 4683 uituperat
927 4599 1008 4666 locis
1045 4600 1099 4682 qui
1127 4599 1192 4664 iam
1221 4607 1295 4665 sunt
1322 4596 1499 4664 adserendi.
