3250 5016
705 374 749 441 59

116 565 234 633 seriem
258 573 290 634 et
314 585 442 634 cursum
465 588 570 634 rerum
594 569 797 656 perlustrans
819 568 927 636 medio
951 577 985 637 et
1007 591 1112 655 aequo
1135 572 1242 641 animo
1262 594 1345 657 quae

115 672 207 739 uidet
239 674 388 761 concipit
433 675 544 760 itaque
576 697 640 743 non
673 677 825 745 irascitur
858 677 905 745 eis
938 678 994 762 qui
1026 679 1187 747 deteriore
1215 687 1346 749 utuntur

117 780 272 848 facundia
295 803 392 867 quam
415 803 499 867 quae
523 782 585 851 tuit
607 784 692 870 olim,
720 805 825 869 neque
848 785 1034 872 uituperare
1056 807 1161 871 neque
1184 790 1345 874 corrigere

118 889 168 956 sui
192 891 332 958 muueris
356 911 430 959 esse
453 891 636 978 arbitratur,
666 891 725 960 sed
749 892 922 980 explicare,
950 914 1014 977 qua
1038 892 1079 960 de
1102 915 1204 962 causa
1227 902 1260 962 ot
1283 918 1345 980 quo

115 996 212 1063 modo
237 997 270 1064 in
294 1019 367 1065 eum
390 1019 485 1084 quem
509 1000 610 1066 ceruit
624 1007 744 1068 statum
758 1001 951 1088 peruenerit.
984 1001 1094 1085 itaque
1109 1009 1247 1088 apparet
1261 1024 1345 1070 oom-

116 1105 287 1191 paratione
310 1106 399 1173 facta
413 1107 594 1174 technica
610 1108 657 1174 uti
671 1108 798 1174 ratione
811 1108 958 1194 Fabium,
977 1109 1128 1176 Tacitum
1140 1095 1343 1181 historica.

117 1233 202 1297 quae
225 1212 409 1281 differentia
433 1235 504 1281 cum
527 1214 571 1280 ad
594 1221 696 1282 totum
715 1214 888 1283 enarrandi
903 1235 1007 1300 genus
1020 1217 1191 1304 pertineat,
1214 1225 1247 1286 et
1260 1219 1344 1286 ultro

117 1322 254 1388 sentitur
285 1327 318 1388 et
350 1343 390 1389 ex
424 1322 561 1407 singulis
594 1321 692 1390 facile
723 1323 926 1411 perspicitur.
976 1344 1015 1390 ao
1045 1324 1183 1411 primum
1215 1325 1345 1410 quidem

117 1449 329 1514 quaecunque
351 1430 385 1496 in
408 1429 549 1516 Dialogo
573 1437 703 1498 exstant
731 1430 807 1498 inde
836 1451 857 1496 a
881 1431 988 1516 capite
1012 1433 1054 1499 36
1083 1430 1257 1500 decausis
1281 1434 1345 1500 elo-

118 1537 270 1620 quentiae
301 1537 453 1623 miuutae,
485 1559 526 1605 ea
549 1537 749 1616 Quintiliano
772 1559 814 1605 ne
837 1537 870 1604 iu
897 1544 1037 1606 mentem
1060 1537 1190 1622 quidem
1213 1539 1344 1608 uenisse

119 1643 311 1731 putauerim.
350 1645 395 1711 ibi
419 1646 503 1712 enim
533 1666 604 1713 cum
627 1645 833 1730 eloquentiae
856 1645 974 1712 damno
995 1646 1116 1712 factum
1131 1667 1205 1714 esse
1220 1647 1344 1733 dicitur,
1405 1725 1406 1732 ,

117 1759 153 1818 ut
176 1772 298 1819 causae
321 1752 538 1836 grauissimae
564 1774 628 1820 uon
656 1754 722 1820 iam
749 1751 794 1820 ad
816 1753 971 1840 populum
994 1760 1175 1840 agerentur,
1208 1754 1268 1822 sed
1301 1755 1346 1822 ad

116 1858 240 1926 iudicia
271 1860 525 1946 centumuiralia,
558 1867 594 1926 ut
621 1860 662 1927 de
689 1861 785 1927 rebus
813 1859 963 1927 maximis
987 1861 1099 1927 autin
1122 1863 1209 1948 urbe,
1237 1863 1344 1948 Italia,

116 1966 295 2053 prouinciis
318 1966 525 2035 instituendis
554 1975 611 2034 aut
639 1975 731 2034 extra
759 1967 928 2055 imperium
950 1967 1104 2052 gerendis
1128 1989 1189 2036 nec
1211 1977 1344 2037 senatus

117 2074 306 2142 decerneret
329 2095 433 2159 neque
456 2075 587 2142 comitia
610 2075 731 2144 ferrent
755 2075 921 2160 suffragia,
950 2074 1009 2142 sed
1032 2096 1114 2143 unus
1139 2075 1344 2144 deliberaret.

116 2204 202 2268 quae
235 2203 275 2250 ex
306 2182 374 2249 ulla
410 2189 505 2269 parte
540 2183 592 2250 his
621 2183 686 2251 sint
717 2183 836 2251 similia
863 2204 928 2250 non
955 2184 1160 2251 inueniuntur
1187 2185 1221 2250 in
1249 2185 1344 2253 Insti-

115 2291 250 2358 tutione.
274 2327 317 2338 -
341 2290 477 2358 alteram
510 2312 643 2359 causam
676 2291 812 2359 Tacitus
844 2291 1009 2358 existimat
1039 2293 1181 2379 positam
1208 2313 1283 2360 esse
1312 2293 1345 2360 iu

115 2418 289 2485 puerorum
322 2397 641 2484 adulescentiamque
672 2398 864 2468 educatione
897 2405 929 2466 et
961 2399 1149 2468 eruditione.
1198 2399 1346 2466 similiter

116 2527 158 2572 ex
182 2504 303 2573 scholis
326 2505 460 2574 fluxisse
484 2506 699 2592 corruptelam
721 2506 898 2573 rhetorices
912 2505 1034 2574 Fabius
1048 2513 1150 2592 putat
1188 2505 1249 2573 sed
1272 2527 1344 2574 eum

117 2612 206 2680 solos
231 2611 437 2680 declamandi
461 2613 636 2697 magistros
659 2615 692 2681 in
715 2614 767 2681 ius
791 2615 898 2700 nocet,¹
917 2634 982 2680 uon
1005 2614 1096 2680 uidet
1118 2634 1170 2682 res
1185 2614 1344 2682 humanas

114 2727 185 2786 tam
208 2727 297 2786 arcte
320 2721 404 2786 inter
427 2741 471 2788 se.
486 2720 668 2806 cohaerere,
691 2727 728 2787 ut
750 2741 815 2787 non
835 2719 975 2788 sufficiat
990 2721 1170 2807 proximam
1183 2742 1344 2806 quamque

114 2847 251 2894 eausam
273 2827 352 2894 mali
374 2827 542 2915 indagare,
571 2827 631 2896 sed
655 2829 697 2895 sit
718 2848 854 2896 necesse
878 2827 1076 2896 descendere
1100 2828 1145 2894 ad
1167 2829 1273 2898 fontes
1296 2849 1344 2896 re·

118 2932 278 3020 conditos,
302 2955 321 3000 e
344 2934 460 3018 quibus
484 2935 541 3001 illa
564 2956 616 3002 res
640 2955 724 3019 quae
745 2956 845 3002 causa
864 2957 937 3004 esse
951 2936 1053 3023 primo
1069 2937 1181 3004 obtutu
1195 2935 1347 3004 uideatur
1431 2956 1433 2962 ’

115 3049 150 3108 et
182 3041 256 3126 ipsa
288 3041 483 3127 profluxerit.
542 3043 589 3108 ita
620 3042 698 3109 fecit
731 3042 880 3128 Tacitus,
913 3042 1033 3129 qnippe
1066 3043 1120 3128 qui
1152 3063 1191 3109 ex
1220 3064 1344 3110 morum

114 3147 281 3233 prauitate
306 3148 347 3213 ad
377 3149 594 3233 eloquentiam
620 3148 804 3216 redundare
831 3150 1008 3236 perniciem
1035 3151 1098 3218 sibi
1124 3150 1345 3238 persuaderet.

114 3276 157 3321 ea
182 3254 268 3321 enim
290 3255 451 3322 intellexit
479 3256 599 3322 factum
627 3277 709 3342 esse,
741 3263 777 3322 ut
808 3264 960 3342 parentes
988 3278 1053 3324 non
1086 3259 1204 3325 iustam
1235 3278 1345 3324 curam

113 3359 343 3447 impenderent
375 3361 494 3448 liberis,
526 3371 562 3429 ut
593 3363 684 3451 pueri
715 3364 781 3429 ianr
811 3371 923 3431 tenera
955 3372 1073 3451 aetate,
1105 3365 1213 3450 magis
1245 3365 1344 3432 etiam

112 3468 345 3535 adulescentes
374 3469 418 3534 ad
446 3468 556 3536 studia
583 3490 739 3556 peruersa
762 3471 958 3557 aberrarent,
986 3479 1022 3538 ut
1044 3471 1106 3538 uiri
1128 3471 1267 3538 fraetam
1290 3492 1343 3538 ex·

110 3577 292 3662 primerent
315 3576 542 3661 eloquentiam.
569 3615 608 3626 —
634 3585 742 3644 tamen
764 3579 878 3663 negari
902 3599 965 3645 non
988 3585 1097 3664 potest
1119 3579 1152 3644 in
1171 3578 1343 3646 tractanda

111 3705 157 3752 ea
180 3703 283 3750 causa
311 3683 364 3749 uel
392 3682 576 3750 deminutae
605 3684 658 3750 uel
686 3691 857 3770 corruptae
881 3686 1085 3770 eloquentiae
1109 3707 1193 3770 quae
1218 3693 1343 3772 spectet

109 3792 159 3858 ad
183 3791 419 3858 institutionem
441 3792 618 3860 iuuentutis
641 3792 796 3858 nonnulla
819 3791 1019 3870 Quintiliano
1045 3814 1116 3860 oum
1130 3793 1246 3860 Tacito
1271 3815 1344 3862 esse

108 3898 307 3967 communia.
353 3899 558 3983 conqueritur
589 3899 723 3978 'lacinus
756 3898 797 3965 de
830 3899 968 3992 stultitia
1000 3899 1260 3985 declamatorum,
1291 3901 1345 3984 qui

112 4008 225 4097 „fictis
258 4027 317 4073 neo
350 4007 415 4072 ullo
447 4006 543 4072 modo
575 4005 620 4072 ad
651 4006 821 4074 ueritatem
859 4005 1087 4074 accedentibus
1121 4008 1348 4074 controuersiis

106 4119 261 4200 linguam
289 4113 384 4180 modo
413 4121 446 4181 et
468 4134 580 4181 uocem
609 4113 799 4182 exerceant“
823 4112 855 4201 (c
879 4117 945 4196 31).
990 4114 1088 4201 plane
1112 4113 1247 4181 eaedem
1270 4123 1345 4182 sunt

106 4223 269 4311 querelae
301 4222 396 4288 Fabii
429 4242 513 4306 quae
545 4222 697 4306 leguntur
724 4222 753 4286 V
778 4223 828 4306 12,
863 4224 902 4316 ll
932 4228 1006 4304 sqq}
1056 4221 1133 4286 VIII
1156 4224 1186 4307 3,
1219 4225 1269 4305 76,
1302 4221 1344 4290 de

107 4332 233 4419 quibus
258 4328 338 4395 locis
362 4328 460 4415 paulo
489 4335 565 4395 ante
593 4328 768 4415 disputaui.
815 4335 847 4394 et
869 4334 905 4393 ut
928 4327 981 4395 hic
1009 4327 1250 4414 impudentiam,
1279 4349 1344 4396 am-

106 4440 280 4522 bitionem,
313 4438 479 4521 ignauiam
507 4443 540 4502 et
566 4443 813 4523 praeceptorum
841 4442 873 4501 et
901 4434 1132 4522 discipulorum
1160 4437 1344 4522 castigauit,

105 4551 157 4616 ita
194 4545 252 4610 ille
284 4543 445 4631 improbat
479 4543 741 4610 adulescentulos
774 4542 891 4610 deduci
923 4544 956 4608 in
991 4562 1143 4610 scaenam
1176 4543 1345 4611 scholasti-

107 4673 227 4728 corum
252 4649 307 4744 qui
331 4651 476 4727 rhetores
501 4658 659 4727 uocantur
682 4649 713 4737 (c
737 4649 809 4747 35),
841 4671 904 4723 nou
933 4649 1029 4720 facile
1053 4671 1088 4718 se
1112 4649 1220 4718 dicere
1247 4671 1346 4739 posse
