3250 5016
730 373 772 438 37

137 569 355 636 declamatore
379 536 446 652 egit
474 567 522 655 (in
544 575 784 654 programmate
808 568 972 654 gymnasii
994 567 1261 651 Hirscbbergiani
1285 567 1361 632 anni

140 677 247 762 1868),
271 677 460 760 quaestione
482 682 572 741 mota
595 677 657 742 sibi
680 677 844 762 persuasit
868 696 966 761 supra
989 675 1108 742 iustum
1126 673 1256 740 modum
1269 673 1361 739 illum

135 804 199 849 nou
230 785 396 869 progredi,
432 785 496 850 nisi
529 784 615 869 quod
647 784 807 850 coloribus
841 784 935 850 nimis
970 782 1155 848 artificiosis
1186 788 1296 847 utatur
1329 787 1361 848 et

134 890 247 974 figuris
279 891 425 977 pluribus
457 911 554 975 quarn
586 913 646 977 par
679 891 721 957 sit
752 892 929 956 orationem
962 896 1103 956 exornet.
1157 888 1202 953 ad
1237 887 1360 972 figuras

135 1005 284 1083 spectare
315 1003 409 1082 putat
439 1018 522 1081 quae
553 997 704 1081 leguntur
736 997 824 1082 apud
852 997 1001 1062 Tacitum
1029 995 1062 1060 in
1091 995 1225 1078 Dialogi
1254 1015 1271 1060 e
1301 998 1359 1062 26:

134 1104 297 1170 tinnitus
332 1105 538 1170 Gallionis.
595 1103 653 1170 sed
685 1105 747 1170 hoc
776 1103 847 1170 loco
881 1103 943 1170 sibi
980 1109 1183 1188 opponuntur
1219 1102 1360 1187 impetus

134 1211 273 1277 Gracchi
303 1211 478 1294 Crassique
509 1211 688 1295 maturitas,
721 1218 756 1276 ut
784 1231 867 1295 quae
891 1216 978 1276 stent
1000 1211 1042 1276 ab
1066 1210 1170 1276 altera
1192 1215 1294 1294 parte,
1328 1215 1360 1275 et

134 1318 311 1384 calamistri
325 1318 524 1384 Maecenatis
547 1317 698 1402 illiusque
715 1319 859 1403 tinnitus,
883 1319 1028 1402 quisunt
1052 1318 1093 1382 ab
1108 1318 1221 1383 altera.
1248 1316 1360 1400 itaque

134 1432 277 1492 extrema
309 1425 471 1508 quaedam
502 1425 582 1490 uitia
615 1425 851 1508 significantur:
890 1431 922 1491 et
958 1424 1045 1509 quod
1078 1423 1260 1490 Gallionem
1298 1425 1360 1492 sibi

134 1531 233 1616 elegit
257 1533 403 1618 Tacitus,
431 1538 604 1618 propterea
631 1532 741 1599 nescio
770 1552 812 1597 an
841 1532 965 1617 fecerit,
994 1531 1071 1615 quia
1098 1531 1132 1596 in
1158 1532 1220 1597 hoc
1247 1532 1360 1598 uitium

133 1638 319 1704 adfectatae
344 1639 528 1722 elegantiae
552 1660 649 1723 quarn
669 1639 809 1704 maxime
833 1639 920 1704 cerni
942 1658 1041 1724 posse
1066 1638 1108 1704 sit
1131 1639 1314 1706 arbitratus.

223 1746 372 1811 Ceterum
399 1746 432 1810 in
459 1746 644 1812 uniuersum
672 1746 767 1812 fateri
799 1746 874 1811 mihi
907 1746 1005 1810 liceat
1032 1744 1258 1810 difficillimum
1286 1765 1359 1814 esse

132 1852 321 1937 diiudicare,
344 1829 412 1917 'utri
441 1859 602 1918 oratorum
631 1854 750 1938 generi,
781 1873 860 1920 sano
889 1873 932 1917 an
960 1858 1119 1938 corrupto,
1149 1853 1268 1936 singuli
1293 1854 1358 1920 siut

98 2012 101 2020 .
131 1959 338 2044 adsignandi.
384 1981 488 2044 neque
513 1961 598 2025 enim
620 1959 740 2026 iudicia
764 1981 848 2044 quae
873 1959 1069 2026 desumimus
1094 1981 1133 2026 ex
1157 1960 1248 2026 libris
1263 1961 1357 2027 Fabii

130 2073 198 2132 tam
222 2074 310 2133 certa
335 2074 417 2153 sunt,
441 2075 476 2132 ut
499 2067 593 2151 quasi
616 2067 745 2132 modulo
770 2067 818 2133 eis
841 2067 888 2132 uti
911 2067 1092 2152 possimus.

225 2172 258 2258 l)
287 2176 411 2240 Tamen
443 2174 654 2240 dubitandum
686 2195 750 2240 non
783 2181 845 2259 est,
878 2175 955 2258 quin
986 2174 1122 2240 insanae
1155 2175 1359 2259 eloquentiae

135 2281 301 2365 exemplar
335 2281 461 2347 dederit
493 2281 522 2358 Q
555 2281 710 2348 Curtius
742 2282 863 2348 Rufus
899 2281 980 2346 libro
1018 2301 1113 2364 quem
1150 2281 1280 2367 scripsit
1316 2282 1358 2350 de

131 2388 312 2454 Alexandri
349 2389 460 2471 Magni
497 2389 592 2455 rebus
629 2389 747 2472 gestis:
785 2390 876 2455 ouius
912 2389 986 2454 libri
1022 2409 1174 2472 magnam
1212 2395 1358 2457 tenemus

130 2503 266 2582 partem.
312 2516 407 2579 quern
435 2494 565 2578 quidem
592 2496 698 2579 quiuis
726 2496 888 2580 intellegit
915 2498 957 2561 ab
987 2515 1025 2562 eo
1055 2516 1119 2561 non
1147 2498 1358 2582 compositum

133 2625 215 2688 csse,
247 2610 282 2668 ut
304 2624 410 2668 rerum
438 2603 608 2668 ueritatem
636 2603 789 2686 religiose
817 2602 1009 2687 indagatam
1038 2610 1212 2689 enarraret,
1241 2604 1300 2670 sed
1323 2612 1359 2671 ut

131 2716 297 2778 exerceret
329 2718 361 2776 et
391 2731 471 2796 prae
505 2731 540 2776 se
573 2710 670 2777 ferret
702 2711 880 2776 sollertiam
911 2711 1118 2777 rhetoricam:
1159 2732 1243 2795 quae
1275 2695 1358 2778 ratio

129 2819 207 2884 inde
236 2818 277 2883 ab
301 2818 430 2903 Ephoro
460 2824 492 2883 et
520 2817 731 2902 Theopompo
754 2817 929 2884 Isocrateis
957 2818 991 2883 in
1019 2838 1111 2884 usum
1138 2826 1281 2884 uenerat.
1327 2820 1363 2885 ci

132 2926 327 3010 Ciceronem,
357 2924 398 2990 de
426 2924 506 2990 Orat
533 2925 565 2988 ΙΙ
593 2929 644 2990 57.
691 2923 790 3001 Quint
812 2926 843 2989 X
870 2929 896 3010 1,
929 2928 979 2990 74.
1026 2925 1212 2991 facundiam
1241 2933 1358 3012 autern,

130 3033 260 3116 qualem
284 3032 413 3098 Curtius
437 3040 577 3118 usurpet,
606 3039 789 3117 corruptam
813 3052 886 3098 esse
910 3053 982 3097 cum
1006 3053 1046 3098 ex
1068 3039 1136 3098 toto
1160 3033 1242 3110 libro
1265 3040 1357 3118 patet

129 3146 196 3204 tum
221 3160 261 3205 ex
284 3139 486 3205 contionibus
510 3140 540 3205 ei
563 3139 702 3205 insertis.
749 3147 847 3223 atque
871 3159 911 3204 ex
929 3139 979 3204 his
1003 3140 1181 3224 specimina
1204 3142 1358 3206 nonnulla

129 3247 208 3311 mihi
230 3244 426 3331 proferenda
450 3253 532 3330 sunt,
556 3266 640 3329 quae
663 3247 729 3311 ullo
753 3247 911 3312 instruere
935 3249 1162 3312 commentario
1187 3268 1268 3333 opus
1284 3269 1357 3315 esse

129 3374 194 3419 non
217 3353 353 3418 uidetur.

219 3459 405 3526 Alexander
428 3465 602 3542 antequam
630 3459 674 3524 ad
696 3460 801 3526 Issum
824 3480 966 3546 pugnam
990 3460 1210 3545 committeret,
1238 3461 1373 3528 milites·

129 3569 355 3634 cohortaturus
387 3566 510 3633 dixisse
542 3573 693 3632 narratur
724 3568 808 3632 inter
840 3567 907 3632 alia
938 3567 1020 3633 baec
1048 3568 1096 3630 III
1127 3572 1175 3651 10,
1208 3572 1356 3649 §ir—8:

128 3675 325 3755 Macedones
349 3725 482 3742 .....
507 3682 663 3741 terrarum
698 3675 784 3740 orbis
816 3675 1007 3740 liberatores
1040 3695 1252 3759 emensosque
1280 3675 1356 3740 olim

128 3782 280 3848 Herculis
304 3789 336 3846 et
358 3782 469 3847 Liberi
495 3783 599 3867 patris
623 3781 785 3866 terminos,
813 3802 878 3846 non
901 3783 1010 3847 Persis
1036 3781 1142 3866 modo,
1172 3781 1231 3848 sed
1259 3783 1357 3848 etiam

129 3890 277 3955 omnibus
314 3889 464 3971 gentibus
500 3888 707 3974 imposituros
747 3889 865 3972 iugum.
924 3889 1135 3954 Macedonum
1171 3889 1356 3974 prouincias

127 3981 249 4062 Baetra
274 4003 306 4061 et
319 3994 417 4062 Indos
441 3996 509 4061 fore
526 4047 533 4060 .
549 4050 555 4064 .
571 4046 577 4061 .
593 4047 599 4061 .
623 4017 687 4061 non
710 3997 744 4061 in
765 3996 950 4081 praeruptis
969 3995 1070 4081 petris
1085 3996 1266 4080 Illyriorum
1281 4048 1288 4062 .
1304 4047 1311 4062 .
1326 4047 1333 4061 .
1349 4047 1356 4062 .

128 4083 219 4170 saxis
249 4103 391 4169 sterilem
419 4103 561 4168 laborem
594 4103 676 4187 fore,
710 4103 815 4188 spolia
848 4103 947 4168 totius
976 4103 1108 4168 orientis
1137 4102 1254 4169 offerri.
1302 4104 1356 4168 uix

128 4210 240 4295 gladio
270 4209 410 4275 futurum
433 4230 524 4295 opus,
556 4217 657 4275 totam
686 4210 788 4276 aciem
818 4230 876 4276 suo
904 4230 1026 4295 pauore
1055 4209 1263 4275 fluctuantem
1291 4231 1356 4274 um·

127 4318 265 4385 bonibus
289 4336 387 4402 posse
410 4317 549 4401 propelli
571 4367 708 4384 .....
733 4322 765 4398 (ξ
781 4316 830 4403 8):
854 4316 957 4381 inlata
972 4316 1131 4382 Graeciae
1154 4316 1241 4381 bella
1256 4317 1357 4382 Darei

126 4425 228 4511 prius,
258 4422 377 4489 deinde
399 4424 518 4490 Xerxis
546 4424 728 4508 insolentia,
757 4444 875 4507 aquam
898 4423 988 4508 ipsos
1016 4430 1198 4506 terramque
1221 4444 1355 4509 poscen-

126 4533 216 4616 tium,
250 4536 285 4595 ut
313 4551 416 4614 neque
445 4530 579 4596 fontium
596 4531 756 4596 baustum
785 4551 844 4596 nec
873 4530 985 4596 solitos
1019 4531 1108 4595 cibos
1138 4531 1356 4614 relinquerent

127 4638 259 4704 deditis.
282 4675 317 4683 -
340 4639 497 4723 proelium
521 4638 564 4702 ad
589 4637 792 4720 Gaugamela
815 4638 952 4702 initurus
980 4658 1037 4704 rex
1065 4657 1141 4704 suos
1170 4637 1355 4722 adloquitur
