3250 5016
689 367 733 430 45

190 560 280 627 Dicit
301 561 423 628 Fabius
446 560 459 623 l
483 560 591 626 d-non
615 561 725 627 statim
750 581 785 628 se
809 562 1054 646 obtemperasse
1077 561 1198 646 amicis,
1227 561 1282 645 qui
1306 581 1326 626 a

99 667 242 734 sedere
260 667 420 734 rhetorica
445 667 542 734 scribi
566 668 696 752 uellent,
721 668 780 734 sed
803 668 859 733 diu
881 668 1073 735 reluctatum
1097 689 1179 735 esse.
1214 668 1325 752 itaque

97 781 273 858 antequam
296 775 362 841 illis
386 776 486 841 cessit
509 781 541 840 et
564 774 705 839 animum
728 774 855 839 induxit
870 795 1061 860 componere
1079 776 1326 860 institutionem,

98 881 262 964 aliquod
285 888 434 967 tempus
458 883 703 967 consumpsit.
749 882 903 969 deinceps
932 882 964 945 ΙΙ
992 886 1040 967 19,
1068 885 1117 961 12,
1147 903 1327 967 quaecum

99 989 231 1074 scripsit
259 989 398 1054 nondum
427 988 483 1054 diu
510 990 543 1054 in
573 1009 654 1074 opus
683 989 880 1073 incubuerat,
915 989 955 1056 de
985 1010 1021 1056 se
1054 989 1133 1055 dicit
1165 990 1261 1056 baec:
1295 996 1328 1056 et

98 1095 323 1180 praecipiendi
355 1117 469 1163 munus
502 1097 576 1161 iam
608 1095 758 1181 pridem
787 1096 952 1182 deprecati
990 1117 1099 1163 sumus
1132 1103 1164 1163 et
1191 1098 1225 1162 in
1257 1098 1326 1163 foro

100 1222 228 1287 quoque
252 1202 390 1269 dicendi.
415 1241 457 1250 -
481 1203 555 1269 binc
582 1209 683 1289 patet,
712 1204 810 1268 etiam
837 1210 1010 1289 postquam
1039 1205 1101 1271 sibi
1124 1205 1328 1290 proposuerit

100 1311 243 1376 scribere
275 1316 308 1375 et
340 1317 514 1394 antequam
547 1311 591 1375 ad
623 1311 827 1377 scribendum
855 1310 982 1397 adierit,
1017 1313 1141 1396 aliquid
1173 1313 1327 1398 temporis

99 1417 318 1502 praeteriisse.
370 1416 596 1484 Dodwellus
627 1426 656 1498 (c
683 1421 722 1485 19
741 1441 816 1504 =p
844 1422 927 1485 1139
957 1418 1108 1485 editionis
1136 1418 1328 1497 Quintiliani

99 1525 361 1589 Burmannianae
384 1525 413 1608 Ι)
446 1547 519 1591 enm
552 1526 724 1610 scripsisse
752 1526 837 1590 infra
870 1526 1115 1610 quadriennium
1148 1549 1169 1592 a
1196 1549 1328 1594 munere

101 1631 255 1697 abdicato
281 1654 321 1699 ex
343 1633 395 1698 bis
415 1634 614 1718 suspicatur:
640 1641 738 1718 atque
761 1633 796 1697 id
820 1654 860 1698 ex
887 1655 933 1718 eo,
958 1635 1044 1718 quod
1068 1633 1174 1700 adbuc
1198 1635 1328 1702 scholae

101 1759 182 1804 suae
216 1740 381 1805 auditores
414 1741 547 1806 iuuenes
586 1741 614 1820 (Ι
646 1759 778 1825 prooem
811 1744 830 1820 ξ
858 1745 888 1817 1)
922 1748 954 1807 et
988 1761 1063 1806 suos
1101 1740 1328 1808 adulescentes

102 1846 177 1924 (VII
201 1849 230 1931 3,
255 1849 311 1929 30)
336 1847 480 1932 appellet
502 1847 633 1924 Fabius,
664 1845 918 1912 concludendum
941 1855 1036 1932 putat
1060 1869 1141 1916 esse.
1189 1849 1249 1915 sed
1271 1869 1330 1935 per

102 1973 138 2018 se
162 1960 302 2038 apparet
325 1963 444 2019 certum
469 1962 597 2039 tempus
622 1975 661 2020 ex
687 1954 734 2019 eis
758 1974 842 2037 quae
867 1953 956 2020 dicat
978 1956 1033 2021 ille
1062 1957 1242 2042 computari
1265 1977 1329 2021 non

100 2080 210 2145 posse.
257 2067 367 2126 tamen
400 2063 427 2127 si
459 2061 565 2126 medio
598 2061 738 2144 quodam
770 2061 834 2126 fine
866 2063 1039 2129 terminare
1069 2065 1216 2130 uolumus
1246 2084 1329 2148 quae

103 2167 283 2253 traduntur,
306 2169 354 2232 illi
378 2169 464 2252 quod
488 2175 539 2235 est
558 2167 621 2232 diu
643 2169 766 2252 aliquot
780 2189 908 2235 menses
923 2171 1063 2236 tribuere
1079 2179 1330 2237 consentaneum

104 2283 163 2359 est,
197 2275 272 2340 buio
303 2283 411 2340 autem
440 2275 526 2359 quod
555 2283 606 2342 est
627 2277 703 2340 iam
725 2275 874 2360 pridem
898 2276 971 2361 plus
1000 2283 1087 2342 certe
1115 2298 1211 2361 quam
1234 2298 1330 2343 unum

103 2403 233 2448 annum.
280 2383 308 2448 si
339 2384 438 2466 igitur
467 2383 620 2448 sumimus
649 2383 720 2468 ipso
750 2403 788 2448 eo
822 2404 906 2448 anno
934 2404 997 2467 quo
1027 2391 1143 2470 coepta
1167 2386 1210 2450 sit
1233 2385 1330 2450 scribi
1435 2419 1437 2422 ·

102 2490 268 2555 Institutio
293 2489 509 2575 conscriptum
538 2510 611 2555 esse
638 2490 753 2555 librum
782 2491 852 2556 eius
881 2492 1030 2557 alterum:
1068 2499 1135 2557 tum
1168 2493 1330 2557 existima-

103 2597 210 2662 bimus
236 2595 469 2673 Quintilianum
496 2598 658 2683 priuatum
686 2598 788 2663 fuisse
816 2597 933 2662 abhinc
961 2597 1109 2664 duobus
1138 2599 1204 2664 fere
1228 2600 1331 2665 annis.

104 2707 154 2770 sio
177 2704 220 2768 ad
244 2725 362 2769 annum
378 2708 421 2771 90
444 2705 578 2770 adducti
601 2705 661 2770 boc
685 2705 752 2769 fere
776 2725 860 2769 anno
876 2705 966 2769 illum
981 2726 1054 2771 sese
1069 2705 1112 2770 ad
1128 2705 1332 2772 scribendum

103 2811 293 2896 adplicasse
315 2813 511 2897 putabimus.
557 2811 607 2897 (cf
630 2813 838 2877 Excursum
867 2812 910 2876 ad
934 2811 994 2876 boo
1018 2821 1116 2897 caput
1142 2812 1331 2901 priorem.)

195 2919 349 2985 Venimus
374 2919 417 2983 ad
441 2919 650 2983 editionem
675 2919 791 3002 operis.
838 2939 876 2982 ao
894 2917 1015 2984 Fabius
1039 2939 1109 2983 cum
1134 2921 1166 2984 in
1191 2920 1333 3006 epistula

103 3026 148 3091 ad
172 3026 379 3111 Tryphonem
408 3025 498 3111 operi
525 3025 706 3110 praemissa
739 3030 875 3090 testetur
906 3029 925 3105 ξ
954 3031 964 3090 1
998 3027 1096 3111 paulo
1129 3027 1202 3111 plus
1235 3047 1332 3111 quarn

102 3134 301 3200 biennium
321 3132 491 3199 Oratoriae
505 3132 710 3198 Institutione
726 3152 761 3197 se
776 3131 982 3217 impendisse,
995 3133 1135 3199 uidetur
1155 3135 1332 3219 perfecisse

104 3263 189 3328 opus
213 3241 299 3306 circa
323 3261 440 3306 annum
455 3243 513 3306 92:
537 3260 596 3304 nec
620 3247 728 3304 tamen
745 3239 938 3322 simulatque
953 3240 1103 3325 absoluit,
1127 3242 1242 3307 emisit.
1274 3242 1333 3308 sed

104 3371 145 3416 ex
171 3369 210 3414 eo
235 3347 321 3432 quod
343 3347 355 3411 l
379 3347 400 3412 d
425 3347 504 3412 dicit
527 3351 547 3427 ξ
572 3350 606 3413 2:
631 3346 906 3413 usus...Horati
930 3347 1267 3415 consilio...dabam
1292 3350 1333 3414 iis

103 3459 216 3540 otium,
239 3462 275 3520 ut
297 3455 488 3539 refrigerato
511 3455 707 3519 inuentionis
732 3474 841 3518 amore
865 3454 1053 3536 diligentius
1077 3456 1233 3540 repetitos
1254 3463 1333 3520 tam-

104 3585 204 3648 quam
229 3563 330 3626 lector
351 3560 593 3646 perpenderem,
617 3560 868 3643 aliquantum.
882 3561 1035 3644 temporis
1050 3561 1236 3629 interfuisse
1250 3565 1334 3629 inter

103 3669 372 3756 compositionem
396 3674 428 3733 et
451 3667 626 3734 editionem
650 3668 731 3733 satis
760 3673 905 3751 apparet.
951 3674 1138 3751 quantum
1165 3671 1201 3735 id
1230 3671 1333 3755 fuerit,

102 3779 218 3862 nequit
251 3775 324 3841 dici.
379 3795 496 3840 nonum
528 3777 562 3839 in
591 3795 709 3840 annum
732 3774 969 3839 Institutioncm
993 3797 1057 3840 non
1082 3799 1155 3844 esse
1178 3798 1333 3864 pressam,

103 3883 193 3970 quod
218 3882 348 3967 quidem
373 3882 513 3948 debebat
537 3903 577 3947 ex
590 3882 770 3947 Horatiano
794 3881 860 3966 illo,
883 3882 1103 3965 intellegimus
1118 3906 1158 3951 ex
1173 3885 1333 3969 epistulae

102 3995 182 4074 §§l
206 3997 239 4055 et
260 3994 288 4074 3,
313 3989 429 4072 quibus
452 3990 558 4055 uereri
583 4010 618 4055 se
643 3988 729 4073 dicit,
752 4009 793 4053 ne
817 3989 906 4074 prius
931 4010 1028 4072 quam
1051 3991 1170 4055 iustum
1195 3992 1238 4056 sit
1260 3991 1333 4056 libri

102 4099 157 4165 sui
190 4096 336 4163 edantur.
388 4097 498 4179 itaque
532 4097 559 4162 si
588 4103 714 4179 tempus
743 4115 840 4177 quam
868 4097 1094 4162 breuissimum
1117 4097 1209 4164 libris
1231 4105 1333 4162 matu-

100 4203 273 4271 rescendis
288 4202 482 4287 dederimus,
506 4223 617 4267 unum
633 4202 803 4266 dumtaxat
817 4224 935 4267 annum
952 4205 999 4269 eis
1014 4203 1235 4270 concedemus.
1267 4212 1335 4270 tum

100 4313 200 4394 nobis
224 4310 387 4375 uidebitur
409 4311 572 4376 Institutio
597 4310 717 4374 emissa
742 4329 815 4375 esse
840 4311 926 4376 cirea
949 4331 1068 4375 annum
1084 4315 1135 4377 93.
1174 4312 1232 4378 sed
1247 4319 1333 4377 certe

100 4441 171 4485 non
203 4417 359 4483 babemus
388 4438 451 4500 quo
483 4418 645 4502 possimus
675 4416 897 4482 demonstrare
926 4417 1033 4502 operis
1062 4418 1235 4485 editionem
1259 4425 1333 4484 ante

100 4547 226 4592 annum
241 4529 284 4592 94
300 4526 420 4590 factam
435 4547 522 4592 esse:
546 4527 642 4590 immo
666 4545 743 4590 uero
763 4546 827 4590 non
842 4526 923 4591 satis
938 4525 1048 4609 liquet,
1072 4534 1176 4591 utrum
1192 4549 1275 4592 anno
1291 4531 1332 4593 93

101 4657 147 4700 an
158 4638 201 4700 94
216 4631 297 4697 illud
311 4633 468 4717 prodierit
482 4635 514 4697 in
530 4633 646 4698 lucem:
662 4633 739 4714 quin
754 4633 851 4696 etiam
865 4639 973 4716 potest
987 4634 1124 4716 cogitari
1135 4633 1176 4699 de
1186 4655 1271 4699 anno
1282 4637 1333 4702 95.
