3250 5016
862 323 906 388 22
979 413 985 420 .

356 517 498 582 Pccoare
522 515 661 583 uidimus
685 524 853 602 corruptos
886 517 1002 584 rebus
1025 517 1035 582 i
1060 538 1078 582 e
1102 516 1287 584 inuentione
1317 521 1350 580 et
1386 515 1490 600 dispo-

269 622 393 708 sitione,
418 624 494 689 item
518 623 747 690 elocutione.
793 645 930 710 peccare
954 625 1052 689 ctiam
1074 623 1401 709 pronuntiatione
1428 623 1490 688 iam

267 730 447 814 apparebit.
498 751 538 796 ac
559 730 778 816 pronuntiatio
802 737 836 796 ut
860 739 910 798 est
933 737 1076 796 extrema
1098 751 1176 816 pars
1205 729 1419 814 eloquentiae,
1446 729 1491 794 ita

268 856 332 902 non
362 837 456 921 parui
486 837 649 903 momenti.
702 859 777 902 uam
810 837 853 902 ad
885 837 1026 904 oflicium
1058 837 1195 904 oratoris
1232 837 1374 922 pertinet
1410 857 1491 919 quae

270 941 356 1007 domi
380 943 597 1010 elaboraucrit
620 944 654 1009 in
677 945 746 1010 foro
770 953 847 1030 apte
871 951 1022 1028 recteque
1046 945 1162 1028 eloqui.
1209 965 1304 1028 quem
1332 943 1376 1008 ad
1399 943 1491 1008 tinem

269 1070 332 1114 uox
357 1059 406 1116 est
429 1050 476 1116 ita
499 1051 720 1137 temperanda,
744 1060 778 1118 ut
801 1059 833 1118 et
857 1052 990 1118 adrem
1013 1073 1110 1136 quam
1132 1053 1277 1137 proferat
1301 1051 1343 1118 sit
1366 1050 1490 1116 adcom-

267 1156 400 1222 modata
423 1165 455 1223 et
478 1158 678 1226 audientium
700 1159 830 1226 auribus
854 1159 1003 1226 iucunda.
1050 1180 1147 1244 quam
1168 1161 1274 1243 legem
1296 1179 1360 1224 uon
1385 1160 1489 1224 obser-

269 1270 378 1329 uatam
402 1283 475 1330 esse
498 1285 519 1330 a
543 1265 703 1351 corruptis
725 1267 919 1351 perspicitur
943 1287 983 1332 ex
1006 1266 1086 1334 locis
1109 1266 1176 1333 his:
1200 1267 1248 1330 XI
1274 1271 1300 1350 1,
1324 1267 1382 1334 56:
1409 1286 1492 1330 can·

269 1377 368 1455 tare,
383 1372 469 1455 quod
489 1372 601 1438 uitium
619 1374 926 1460 percontexta,
946 1377 1003 1440 57:
1025 1373 1238 1457 quodcunque
1257 1394 1298 1439 ex
1316 1372 1367 1438 bis
1384 1372 1492 1436 uitium

269 1480 374 1563 magis
398 1481 525 1547 tulerim
548 1502 644 1566 quam
669 1503 731 1565 quo
755 1504 839 1548 nunc
857 1483 995 1548 maxime
1018 1483 1184 1548 laboratur
1206 1482 1240 1546 in
1264 1481 1373 1546 causis
1398 1477 1492 1544 omni-

270 1587 330 1652 bus
354 1587 538 1672 scholisque
561 1589 759 1674 cantandi,
788 1588 875 1673 quod
897 1589 1042 1656 inutilius
1072 1589 1179 1655 sitan
1208 1587 1348 1672 foedius,
1376 1586 1493 1654 nescio.

270 1693 348 1777 quid
375 1695 459 1760 enim
487 1696 591 1762 miuus
625 1697 746 1762 oratori
774 1698 924 1764 conuenit
951 1717 1046 1780 quam
1074 1696 1251 1762 modulatio
1281 1695 1432 1762 scaenica
1464 1699 1493 1756 et

269 1821 497 1886 nonnunquam
525 1803 685 1868 ebriorum
715 1811 747 1869 et
775 1803 1018 1871 comissantium
1046 1803 1198 1870 licentiae
1218 1801 1353 1868 similis?
1374 1839 1409 1848 -
1429 1800 1493 1884 qui-

269 1908 402 1974 buscum
417 1908 612 1975 conferenda
629 1916 703 1976 sunt
717 1931 801 1994 quae
825 1916 844 1992 ξ
860 1914 902 1976 59
918 1911 1081 1994 leguntur:
1106 1909 1193 1993 quod
1207 1964 1213 1976 .
1229 1960 1236 1975 .
1253 1960 1260 1975 .
1276 1960 1282 1975 .
1299 1909 1327 1974 si
1340 1908 1493 1994 recipien-

271 2014 346 2079 dum
374 1999 445 2100 est,
469 2015 549 2081 nihil
572 2037 692 2082 causae
725 2025 787 2102 est,
820 2037 876 2082 our
906 2038 970 2083 non
1001 2017 1092 2083 illam
1122 2017 1214 2082 uocis
1246 2015 1494 2081 modulationem

269 2120 388 2188 fidibus
412 2143 451 2187 ac
474 2123 571 2208 tibiis,
594 2124 690 2189 immo
713 2124 903 2210 mehercule,
927 2123 1014 2208 quod
1037 2111 1088 2190 est
1110 2124 1184 2189 huic
1208 2123 1405 2188 deformitati
1424 2142 1493 2207 pro-

269 2230 352 2315 pius,
376 2231 568 2315 cymbalis
592 2230 791 2298 adiuuemus.
824 2269 867 2278 -
900 2232 955 2315 qui
987 2230 1116 2314 quidem
1153 2238 1292 2297 cantus
1326 2251 1390 2314 qua
1423 2250 1492 2295 con·

271 2336 390 2405 stiterit
412 2358 447 2403 re
471 2337 605 2403 Cicero
630 2338 725 2404 docet
750 2338 795 2404 Or
818 2343 837 2420 ξ
862 2343 903 2406 27
927 2338 1032 2405 hisce:
1057 2359 1128 2404 cum
1151 2358 1228 2404 uero
1247 2337 1404 2403 inclinata
1427 2337 1492 2402 ulu-

270 2444 415 2528 lantique
438 2466 519 2511 uoce
541 2467 630 2511 more
655 2445 799 2512 Asiatico
829 2466 945 2511 canere
982 2445 1145 2531 coepisset
1177 2443 1302 2532 eqs.¹⁴).
1363 2452 1492 2510 cantare

269 2552 369 2636 igitur
391 2551 426 2617 id
448 2552 562 2617 uitium
583 2552 750 2618 nominant
773 2573 835 2637 quo
860 2573 1008 2618 sonorum
1022 2553 1166 2620 uarietas
1182 2574 1246 2637 qua
1261 2551 1391 2618 differre
1414 2551 1494 2616 inter

270 2680 306 2726 se
331 2658 449 2724 debent
471 2679 579 2744 uoces,
603 2659 782 2744 enuntiata,
806 2660 1117 2746 comprehensiones,
1140 2660 1188 2725 ita
1202 2659 1341 2744 effertur,
1354 2666 1391 2724 ut
1405 2663 1492 2724 tanta

270 2787 375 2853 paene
389 2766 563 2832 interualla
583 2766 743 2833 exsistant
765 2767 849 2832 inter
867 2767 996 2851 singula
1020 2774 1142 2851 quanta
1166 2767 1230 2834 sint
1249 2774 1327 2851 apta
1342 2766 1386 2832 ad
1400 2764 1491 2831 musi-

271 2895 350 2941 cam.
397 2874 448 2939 cui
476 2873 606 2958 quidem
633 2875 724 2940 multi
753 2881 826 2940 sunt
852 2882 970 2940 natura
998 2875 1127 2940 obnoxii
1155 2895 1259 2966 neque
1287 2881 1397 2940 tamen
1424 2893 1491 2960 pro-

271 2982 380 3048 bandi.
426 2981 507 3046 illud
530 3002 607 3048 uero
632 2982 686 3066 qni
709 2983 792 3048 ultro
817 2983 988 3069 adpetunt,
1017 2983 1087 3049 sine
1115 2983 1212 3049 dubio
1237 3002 1277 3048 ex
1305 2979 1492 3059 Quintiliani

272 3089 433 3156 sententia
457 3090 652 3175 corruptis
677 3098 751 3156 sunt
774 3091 990 3160 adscribendi.
1021 3129 1060 3140 -

363 3266 401 3336 ¹⁴)
433 3269 462 3323 cf
487 3268 643 3323 Ciceronem
666 3269 676 3321 l
704 3269 722 3321 d
749 3269 765 3336 ἓ
788 3270 835 3324 57;
868 3274 909 3325 est
1050 3271 1080 3324 in
1104 3270 1218 3325 dicendo
1252 3270 1366 3339 quidam
1399 3274 1494 3325 cantus

271 3359 418 3425 obscurior,
437 3377 492 3413 non
509 3359 555 3414 hio
573 3377 588 3413 e
606 3360 730 3430 Phrygia
749 3363 776 3414 et
796 3360 877 3414 Caria
894 3361 1036 3415 rhetorum
1054 3362 1179 3432 epilogus
1197 3379 1284 3431 paene
1303 3362 1452 3417 canticum.
1471 3361 1497 3415 cf

272 3449 406 3505 Tacitei
425 3448 564 3518 Dialogi
583 3467 598 3503 o
616 3451 662 3503 26:
683 3451 810 3518 quodque
828 3451 876 3504 uix
895 3451 993 3506 auditu
1011 3451 1053 3505 fas
1072 3469 1129 3505 esse
1152 3451 1251 3506 debeat
1270 3493 1275 3505 .
1371 3453 1494 3522 plerique

271 3541 379 3595 iactant
403 3537 507 3594 cantari
528 3539 678 3607 saltarique
697 3540 907 3595 commentarios
925 3557 994 3594 suos.
1048 3541 1175 3594 saltando
1193 3540 1251 3594 sine
1269 3540 1353 3594 dubio
1370 3541 1494 3596 immodi-

271 3649 333 3684 cum
357 3631 466 3698 gestum
485 3627 603 3682 indicat:
622 3627 652 3680 in
671 3646 724 3696 quo
743 3629 884 3684 saltatoris
903 3629 1115 3684 similitudinem
1133 3629 1297 3699 fugiendum
1316 3646 1373 3684 esse
1396 3630 1494 3685 Fabius

270 3720 350 3773 docet
367 3719 406 3772 XI
425 3719 449 3784 3,
466 3719 500 3772 88
519 3735 577 3786 sqq.
615 3717 748 3772 Plinius
766 3719 796 3773 in
811 3736 843 3773 ea
861 3719 922 3788 ipsa
940 3719 1060 3788 epistula
1078 3719 1108 3772 in
1126 3736 1182 3786 qua
1196 3718 1400 3783 Quintilianum
1420 3736 1493 3790 prae·

271 3811 410 3878 ceptorem
428 3825 509 3860 sunm
527 3807 651 3876 appellat
671 3808 703 3862 de
722 3807 837 3862 canticis
857 3811 997 3863 oratorum
1015 3809 1083 3862 haec
1101 3808 1218 3877 profert:
1238 3808 1328 3876 (1114,
1347 3808 1392 3876 12)
1411 3810 1494 3879 pudet

270 3898 370 3952 referre
389 3913 554 3965 quaequam
571 3897 661 3952 fracta
670 3897 896 3966 pronuntiatione
910 3897 1045 3962 dicantur,
1065 3897 1165 3965 quibus
1180 3915 1264 3974 qnam
1278 3899 1382 3952 teneris
1396 3900 1493 3953 clamo·

270 3988 346 4042 ribus
365 3987 545 4056 excipiantur.
587 3988 700 4057 plausus
718 3991 831 4042 tantum
849 4005 882 4042 ac
899 3988 991 4057 potius
1011 3988 1070 4043 sola
1087 3989 1215 4057 cymbala
1240 3991 1268 4043 et
1285 3992 1422 4058 tympana
1439 3989 1493 4044 illis

271 4076 385 4132 canticis
405 4076 511 4131 desunt.

361 4165 521 4234 Cymbala
539 4169 568 4221 et
585 4169 748 4236 tympana
766 4167 951 4222 instrumenta
965 4171 1030 4222 sunt
1047 4167 1138 4222 mollis
1149 4168 1240 4222 cultus
1249 4167 1325 4221 illius
1344 4186 1399 4237 quo
1415 4185 1494 4223 uene·

270 4257 404 4310 rabantur
422 4255 542 4325 Cybelen
560 4259 684 4310 matrem.
722 4256 752 4309 in
771 4274 825 4324 quo
844 4273 907 4310 oum
925 4258 1061 4311 eunuchos
1075 4257 1247 4312 sacerdotum
1261 4273 1374 4312 munere
1388 4258 1495 4312 functos

271 4362 327 4400 esse
346 4347 460 4411 constet,
479 4362 593 4415 grauem
610 4347 707 4399 notam
730 4349 759 4400 et
777 4362 900 4399 seueram
919 4347 1106 4415 cymbalorum
1115 4346 1256 4401 mentione
1269 4346 1420 4416 significari
1438 4365 1494 4401 sen·

270 4433 364 4489 timus.
383 4438 468 4503 atque
487 4433 675 4500 Quintilianus
694 4434 765 4487 illud
783 4433 913 4489 scribens:
938 4436 1011 4504 quod
1029 4439 1071 4490 est
1093 4436 1158 4490 huic
1180 4435 1353 4490 deformitati
1376 4435 1493 4506 propius,

271 4523 404 4594 cymbalis
414 4523 745 4590 adiuuemus,·certissime
755 4523 891 4594 cogitauit
901 4525 934 4579 de
942 4525 1010 4580 deae
1021 4525 1105 4580 seruis
1115 4517 1252 4581 uirilitate
1262 4525 1416 4581 destitutis:
1431 4543 1494 4580 nam

271 4632 333 4668 cum
346 4613 512 4683 spadonibus
522 4615 662 4682 corruptos
672 4614 706 4667 ab
717 4631 747 4668 eo
762 4614 877 4668 conferri
891 4615 974 4684 paulo
989 4617 1054 4669 ante
1068 4615 1126 4669 iam
1136 4615 1264 4670 uidimus.
1284 4616 1317 4670 cf.
1332 4634 1351 4686 p
1364 4617 1382 4669 4
1396 4619 1457 4686 etp
1471 4617 1494 4667 7.
