3250 5016
622 470 628 476 ἢ
706 374 749 443 ae

113 579 236 641 rectum
259 571 333 640 illos
357 570 489 640 uidisse.
536 572 616 639 dicit
639 573 722 638 enim
743 573 888 638 Senecae
911 571 1011 637 libros
1026 589 1131 656 paene
1151 571 1241 638 solos
1255 570 1344 636 lecti-

114 688 201 748 16166
225 680 327 747 fuisse
351 681 391 746 ab
416 680 694 764 adulescentibus,
728 700 798 744 cum
834 679 1025 763 impugnare
1058 678 1201 762 coeperit
1234 676 1344 743 studia

115 795 344 873 corruptorum.
390 788 450 854 hoo
474 809 494 853 6
518 809 554 854 66
578 787 792 872 improbatum
816 807 903 870 esse,
927 806 991 850 uon
1015 806 1077 868 quo
1105 785 1195 851 illius
1224 785 1345 869 scripta

115 895 350 962 contemnenda
365 895 574 979 existimaret,
598 893 657 960 sed
672 893 758 977 quod
782 913 822 958 ea
849 893 1008 959 noluisset
1031 893 1199 958 meliorum
1215 892 1345 977 scriptis

115 1002 277 1068 anteferri.
323 1023 363 1066 66
385 1003 523 1087 primum
547 1001 633 1085 quod
656 1021 798 1085 pugnam
822 1021 842 1066 a
866 1021 902 1067 se
917 1007 1029 1065 contra
1044 1020 1146 1084 genus
1157 1006 1347 1084 corruptum

114 1111 238 1175 factam
252 1116 487 1194 commemorat,
512 1109 729 1194 suspicionem
743 1113 865 1172 mouet:
891 1107 1073 1190 colligimus
1093 1107 1178 1172 enim
1201 1106 1346 1188 aliquam

117 1217 347 1300 cognationem
370 1216 528 1282 interesse
560 1216 644 1280 inter
673 1214 831 1280 Senecam
858 1213 1003 1297 illudque
1031 1234 1142 1297 genus.
1193 1213 1346 1298 deinceps

118 1345 159 1389 ex
193 1324 260 1389 illis
294 1343 378 1406 quae
411 1323 624 1389 subsecuntur
657 1322 838 1388 clarissime
867 1322 972 1386 elucet
1005 1341 1078 1388 esse
1114 1341 1195 1404 6666
1226 1320 1348 1385 Fabius

117 1430 268 1496 meliores
306 1451 402 1513 quam
439 1431 608 1496 Annaeum
644 1429 743 1495 ducat
784 1430 882 1512 idque
918 1429 1018 1494 multo
1056 1429 1215 1495 meliores.
1274 1449 1350 1492 nam

118 1538 318 1602 enuntiatum
343 1536 432 1620 quod
459 1537 573 1622 incipit
601 1558 622 1602 a
655 1557 749 1620 6666
777 1536 847 1602 1116
877 1539 1013 1618 (ξ126)
1041 1536 1213 1602 relatiuum
1234 1536 1350 1601 leuiter
1410 1589 1414 1596 ,

117 1644 309 1729 perstringit
342 1643 430 1710 illius
460 1645 614 1722 studium,
643 1645 698 1727 qui
729 1644 812 1710 alios
841 1644 1012 1709 incesserit
1039 1642 1241 1710 diuersitatis
1269 1662 1349 1708 suae

119 1751 183 1816 sibi
208 1751 364 1817 conscius.
411 1751 521 1834 itaque
546 1752 594 1816 eis
618 1771 702 1834 6666
724 1751 924 1835 inspeximus
946 1750 1155 1834 reprehensio
1178 1750 1227 1814 116
1251 1749 1349 1832 sigui-

119 1857 246 1941 ficatur,
275 1863 310 1921 ut
339 1857 515 1923 sentiamus
543 1856 632 1922 haud
664 1858 710 1922 116
744 1864 830 1922 recte
864 1855 982 1922 fecisse
1016 1857 1070 1939 qui
1105 1856 1262 1921 Senecam
1293 1861 1350 1919 aut

119 1964 260 2048 legerint
295 1970 353 2029 aut
385 1963 556 2030 scribendo
590 1965 654 2029 6161
686 1964 797 2030 secuti.
862 1969 959 2046 atque
996 1964 1029 2027 in
1061 1963 1120 2028 hos
1153 1963 1351 2029 conuertitur

122 2070 156 2158 (ὅ
185 2075 234 2153 12,
258 2074 288 2138 6.
315 2070 348 2157 l)
373 2077 481 2136 orator
513 2071 668 2155 proximis
698 2071 816 2136 uerbis.
866 2090 929 2134 666
957 2069 1137 2135 imitatores
1165 2090 1222 2135 666
1249 2070 1350 2135 fuisse

123 2178 211 2263 dicit,
236 2177 434 2245 6616161166
458 2178 624 2244 adseclas:
649 2179 768 2261 16666
797 2178 873 2243 dum
901 2178 988 2244 111166
1017 2177 1241 2243 adsectatores
1268 2177 1350 2241 uitu-

123 2292 227 2370 perat,
251 2284 379 2370 accidit,
403 2291 438 2349 ut
460 2285 549 2350 uitiis
572 2287 677 2369 ipsum
701 2285 899 2370 implicatum
915 2290 947 2349 et
970 2284 1011 2349 ab
1027 2285 1230 2367 antiquorum
1252 2281 1350 2348 laude

124 2393 295 2476 delapsum
319 2411 393 2458 6666
420 2391 562 2457 fateatur
584 2393 640 2458 ille
670 2391 812 2475 quidem,
841 2391 900 2457 sed
923 2391 979 2476 116,
1011 2397 1046 2456 61
1070 2411 1192 2457 summo
1226 2390 1351 2455 crimini

122 2505 233 2565 uertat
260 2498 491 2583 imitatoribus,
523 2499 610 2582 quod
640 2519 737 2564 66666
766 2497 907 2582 666166
935 2499 1043 2564 611661
1070 2519 1179 2564 amore
1207 2498 1351 2564 Senecae

122 2607 256 2672 laudem
279 2606 504 2671 imminuerint.
551 2612 584 2672 ct
607 2608 703 2689 66661
725 2608 857 2671 uerbum
877 2605 968 2669 uitii
988 2606 1051 2671 sibi
1073 2606 1175 2670 inuito
1191 2604 1351 2672 excidisse

83 2753 87 2758 .
124 2713 232 2779 uideri
255 2713 343 2797 uelit,
366 2713 432 2776 iam
466 2713 499 2798 (ξ
536 2715 612 2795 128)
644 2712 760 2777 166161
790 2711 1017 2797 philosophum
1049 2713 1183 2796 eiusque
1214 2712 1351 2778 uirtutes

122 2821 245 2885 multas
277 2839 479 2903 magnasque
512 2839 585 2884 6666
618 2819 709 2884 dicit:
747 2818 930 2903 praeditum
962 2839 1035 2884 cum
1073 2819 1175 2884 fuisse
1211 2819 1351 2904 iugenio,

122 2927 220 3012 copia
242 2927 469 3014 uerborum,¹⁸)
504 2928 640 3000 scientia
665 2934 696 2992 et
720 2927 905 3011 diligentia,
939 2927 1013 2992 odio
1036 2928 1210 3012 prauitatis
1230 2949 1352 2993 morum

122 3035 313 3100 iustissimo.
359 3041 457 3100 6166
481 3034 588 3100 16116
612 3034 742 3118 quidem
765 3034 916 3101 laudibus
940 3056 961 3099 a
985 3055 1021 3101 se
1044 3043 1152 3120 potest
1170 3035 1351 3121 impetrare,

121 3149 247 3207 utnon
270 3141 372 3205 addat
395 3141 566 3226 deceptum
590 3162 662 3207 cum
687 3162 760 3208 esse
783 3141 959 3224 aliquando
984 3145 1025 3208 ab
1041 3144 1227 3208 auctoribus
1242 3149 1352 3206 61666

122 3250 207 3316 66116
231 3247 410 3313 industriae
433 3248 649 3333 insumpsisse
672 3250 705 3312 in
719 3249 941 3333 philosophia:
957 3249 1022 3314 iam
1044 3269 1122 3314 uero
1142 3268 1215 3312 cum
1229 3247 1353 3313 incidat

122 3357 158 3420 iu
177 3355 399 3439 elocutionem,
423 3375 537 3420 senon
552 3356 702 3440 66611661,
727 3354 786 3420 661
799 3356 890 3419 rabie
905 3355 1046 3438 quadam
1060 3355 1212 3420 incitatus
1227 3361 1352 3439 pugnat

123 3467 239 3527 contra
262 3461 362 3527 illum.
407 3460 489 3528 1666
513 3467 587 3528 6661
615 3482 699 3544 6666
728 3461 878 3544 leguntur
906 3460 983 3526 iude
1015 3482 1037 3542 6
1068 3463 1096 3542 §r
1127 3465 1217 3528 129¹*e
1243 3462 1351 3528 uerbis

123 3568 194 3635 sed
217 3569 256 3633 in
280 3568 511 3651 eloquendo:
536 3589 619 3651 6666
641 3568 816 3653 explanare
839 3588 903 3633 non
931 3589 1012 3654 opus
1026 3569 1162 3654 uidetur,
1186 3570 1262 3652 quia
1279 3577 1352 3635 suut

122 3697 183 3761 per
198 3696 233 3742 se
248 3676 377 3741 minime
393 3678 538 3741 obscura.
557 3675 591 3740 id
605 3682 728 3740 tantum
747 3697 877 3741 monere
895 3676 969 3740 uolo
984 3674 1217 3752 Quintilianum
1230 3697 1351 3760 uegare

124 3784 302 3848 Senecae
326 3782 535 3848 dictionem
558 3783 640 3847 ulla
663 3782 852 3847 hominum
876 3782 1107 3847 eruditorum
1130 3785 1350 3869 comproba·

124 3891 233 3955 tione
257 3909 343 3955 esse
374 3888 542 3972 dignam:
566 3890 626 3954 hoc
645 3890 730 3954 cuim
747 3889 867 3954 iudicio
891 3888 1004 3955 fortius
1029 3896 1061 3954 61
1084 3889 1190 3956 acrius
1214 3892 1351 3973 cogitari

123 3997 180 4061 uix
203 4001 321 4080 potest.
367 3996 453 4079 quod
476 4003 648 4080 postquam
671 3997 807 4062 iactauit
830 3996 863 4060 in
882 3995 1113 4081 aduersarium,
1136 3997 1248 4080 pusilli
1271 4019 1350 4064 sane

124 4109 176 4168 est
197 4103 359 4187 momenti,
384 4103 470 4186 quod
493 4104 560 4186 legi
583 4124 655 4168 eum
679 4125 743 4168 nou
765 4110 856 4168 uetat
879 4105 920 4169 ab
945 4104 1010 4169 illis
1034 4105 1089 4187 qui
1114 4109 1196 4169 1666
1221 4127 1261 4171 ex
1280 4106 1350 4172 6166

122 4209 256 4294 scriptis
280 4209 386 4274 sciant
415 4209 544 4292 eligere.
575 4248 613 4256 —
644 4211 798 4295 inspectis
826 4209 910 4276 huuc
938 4211 971 4274 iu
998 4210 1128 4275 modum
1155 4212 1350 4297 professoris

121 4390 338 4400 ..—---—--

216 4474 252 4542 ι1)
271 4475 446 4530 0666661661
473 4476 541 4530 haec
568 4495 630 4530 cum
659 4477 755 4531 ceteris
780 4477 847 4531 locis
871 4478 970 4546 quibus
989 4478 1091 4532 Seneca
1110 4482 1349 4533 commemoratur:

121 4567 177 4620 ΧΠ
200 4567 239 4630 10,
260 4567 302 4629 11,
322 4564 370 4616 611
389 4565 447 4618 6166
466 4565 552 4633 copia,
572 4569 601 4619 et
620 4566 671 4619 VII
691 4569 715 4632 5,
737 4567 777 4631 18,
797 4567 845 4619 611
863 4567 1063 4621 sententiarum
1073 4566 1209 4634 quaedam
1218 4569 1349 4636 probatur

121 4654 280 4726 geminatio
299 4653 374 4707 laeta
393 4655 427 4707 ab
446 4653 495 4707 illo
513 4654 542 4706 in
561 4654 662 4722 scripto
681 4655 754 4722 quod
767 4655 840 4708 Nero
855 4656 891 4709 ad
906 4659 1032 4710 senatum
1051 4655 1127 4708 misit
1145 4655 1234 4709 occisa
1252 4659 1348 4710 matre.
