3250 5016
744 352 765 420 5

144 548 338 615 athletarum
366 569 502 634 corpora
531 549 650 614 deeora
678 568 755 614 uere
784 549 1021 615 existimarunt:
1050 567 1108 612 nos
1132 548 1185 630 qui
1211 553 1370 612 oratorem

145 654 311 724 studemus
339 656 503 740 effingere,
536 657 600 722 no'n
628 675 718 721 arma
746 656 805 722 sed
829 662 983 740 tympana
1007 655 1211 743 eloquentiae
1235 653 1369 719 demus?

143 763 242 846 igitur
266 771 298 828 et
321 763 376 829 ille
405 784 498 846 quem
526 763 723 829 instituimus
749 749 943 829 adulescens
972 782 1068 844 quam
1094 762 1234 827 maxime
1262 766 1371 846 potest

144 876 316 956 componat
339 891 375 936 se
403 869 447 935 ad
475 870 687 935 imitationem
710 869 858 935 ueritatis
881 869 1082 951 initurusque
1112 867 1295 951 frequenter
1324 867 1369 932 fo·

143 978 284 1044 reusium
308 976 518 1044 certaminum
545 997 687 1061 pugnam
711 977 832 1041 iamin
857 976 969 1042 schola
991 975 1160 1042 uictoriam
1190 981 1315 1060 spectet
1338 981 1371 1040 et

144 1083 240 1151 ferire
268 1084 388 1150 uitalia
416 1104 455 1150 ac
487 1085 568 1150 tueri
602 1084 693 1168 sciat,
727 1091 759 1151 et
790 1095 982 1168 praeceptor
1013 1082 1048 1147 id
1080 1083 1219 1148 maxime
1251 1083 1371 1166 exigat,

143 1193 308 1257 inuentum
321 1190 496 1277 praecipue
510 1192 632 1275 probet.
665 1210 740 1256 nam
758 1197 794 1256 ut
817 1190 861 1256 ad
882 1191 996 1275 peiore
1018 1190 1152 1256 iuuenes
1179 1187 1370 1277 [malorum

145 1319 205 1383 ego
230 1296 423 1386 addiderim]
448 1297 546 1364 laude
570 1297 736 1388 ducuntur,
760 1298 807 1362 ita
830 1297 958 1362 laudari
980 1297 1014 1362 in
1037 1297 1131 1363 bonis
1154 1297 1288 1362 mallent
1312 1293 1371 1382 [sic

144 1407 217 1489 lego
255 1426 326 1471 cum
362 1405 452 1472 libris
480 1406 567 1488 AB,
591 1387 767 1472 Halmius
804 1402 946 1492 malentl.
984 1424 1068 1469 nunc
1098 1402 1179 1468 illud
1206 1403 1282 1468 mali
1312 1409 1370 1487 est,

144 1512 231 1596 quod
263 1511 450 1578 necessaria
481 1512 669 1596 plerumque
702 1511 831 1578 silentia
864 1517 1033 1576 transeunt
1065 1531 1125 1576 nec
1161 1510 1194 1575 in
1232 1506 1370 1575 dicendo

143 1619 272 1685 uidetur
286 1619 370 1684 inter
382 1619 467 1684 bona
482 1617 614 1684 utilitas.
647 1618 706 1684 sed
730 1618 824 1684 haec
847 1625 880 1684 et
902 1619 940 1683 in
963 1619 1042 1684 alio
1065 1617 1177 1684 nobis
1197 1623 1370 1683 tractata

146 1733 234 1792 sunt
258 1746 372 1812 opere
397 1725 484 1792 etin
508 1725 569 1791 hoc
593 1746 692 1810 saepe
715 1726 901 1812 repetenda.

233 1831 268 1920 2)
291 1834 376 1918 114,
399 1835 616 1899 clm-lam
637 1834 738 1898 uerba
762 1840 836 1899 sunt
858 1833 954 1898 haec:

232 1940 326 2007 fictas
363 1940 407 2004 ad
442 1940 654 2006 imitationem
690 1938 751 2005 fori
788 1940 1058 2024 consiliorumque
1094 1939 1248 2006 materias
1282 1937 1370 2023 apud

144 2049 288 2114 Graecos
321 2048 429 2114 dicere
456 2048 542 2113 circa
574 2048 772 2113 Demetrium
806 2047 966 2126 Phalerea
993 2048 1173 2113 institutum
1201 2047 1270 2114 fere
1298 2066 1370 2112 con·

144 2162 218 2222 stat.
264 2176 306 2220 an
330 2157 371 2221 ab
394 2156 466 2240 ipso
485 2153 524 2220 id
548 2176 651 2239 genus
675 2154 916 2221 exercitationis
944 2156 986 2222 sit
1014 2154 1191 2240 inuentum,
1227 2161 1262 2220 ut
1291 2153 1370 2219 alio

143 2283 270 2346 quoque
293 2262 395 2328 libro
421 2283 490 2330 sum
514 2262 691 2348 confessus,
713 2284 827 2348 parum
851 2263 1000 2350 comperi.

233 2368 268 2457 3)
291 2370 370 2435 VIlI
393 2372 422 2456 3,
447 2372 577 2437 56-58
601 2371 683 2435 haec
705 2370 924 2436 inueniuntur:

232 2481 402 2564 κακόζηλον
435 2475 468 2542 id
502 2486 552 2544 est
582 2477 670 2542 mala
698 2476 875 2542 adfectatio
902 2499 961 2563 per
989 2498 1083 2544 omne
1111 2476 1240 2542 dicendi
1268 2497 1370 2559 genus

142 2592 274 2670 peccat:
299 2592 421 2650 namet
444 2584 567 2650 tumida
591 2590 623 2649 et
645 2584 767 2669 pusilla
791 2590 823 2649 et
844 2585 1035 2669 praedulcia
1058 2591 1090 2650 et
1113 2582 1315 2650 abundantia
1339 2588 1371 2648 et

143 2693 302 2758 arcessita
331 2699 362 2758 et
392 2691 571 2757 exultantia
600 2692 660 2757 sub
688 2688 774 2757 idem
801 2711 918 2757 nomen
941 2692 1069 2758 cadunt.
1116 2691 1254 2773 denique
1278 2709 1370 2754 caoou

144 2798 236 2863 zelon
259 2804 393 2864 uocatur
417 2797 573 2882 quidquid
597 2804 647 2864 est
669 2798 754 2864 ultra
777 2798 941 2885 uirtutem,
965 2799 1113 2883 quotiens
1136 2796 1301 2882 ingenium
1324 2796 1369 2861 iu·
1448 2877 1450 2884 Α

143 2905 229 2971 dicio
255 2912 342 2970 caret
366 2913 398 2970 et
422 2905 530 2990 specie
554 2904 629 2970 boni
652 2904 784 2982 fallitur,
809 2907 949 2972 omnium
972 2907 1006 2972 in
1021 2906 1205 2991 eloquentia
1219 2904 1371 2971 uitiorum

143 3013 333 3097 pessimum3
362 3032 437 3077 nam
464 3019 572 3077 cetera
601 3032 716 3097 parum
743 3012 893 3095 uitentur,
922 3012 984 3079 hoc
1010 3013 1137 3098 petitur.
1185 3021 1234 3079 est
1262 3019 1371 3078 autem

143 3126 245 3184 totum
268 3119 301 3183 in
325 3119 555 3184 elocutione.
592 3140 668 3185 nam
690 3139 813 3184 rerum
836 3120 917 3185 uitia
938 3127 1012 3186 sunt
1030 3121 1170 3204 stultum,
1194 3139 1368 3204 commune,

145 3225 346 3311 contrarium,
376 3246 623 3311 superuacuum:
649 3233 799 3312 corrupta
827 3227 931 3293 oratio
959 3228 993 3293 in
1021 3228 1129 3293 uerbis
1152 3227 1290 3291 maxime
1314 3225 1369 3290 im·

143 3332 292 3419 propriis,
326 3332 590 3418 redundantibus,
633 3334 918 3418 comprehensione
955 3335 1100 3417 obscura,
1138 3333 1370 3419 compositione

145 3439 257 3525 fracta,
285 3460 398 3506 uocum
428 3440 580 3506 similium
608 3448 664 3507 aut
692 3441 914 3524 ambiguarum
940 3439 1057 3526 puerili
1088 3441 1273 3525 captatione
1296 3461 1369 3506 con-

144 3546 239 3612 sistit.
287 3554 336 3612 est
369 3554 477 3613 autem
511 3567 604 3614 omne
637 3547 809 3614 cacozelon
841 3547 952 3630 utique
985 3546 1111 3632 falsum,
1149 3546 1276 3612 etiamsi
1305 3567 1370 3613 non

144 3674 234 3719 omne
258 3655 377 3720 falsum
400 3654 572 3721 cacozelon
593 3663 655 3721 est:
681 3654 870 3725 <cacozelo
896 3653 979 3719 enim
1002 3651 1128 3740 res>¹)
1145 3653 1261 3718 dicitur
1275 3654 1370 3720 aliter

144 3781 240 3844 quam
264 3781 299 3826 se
323 3768 439 3826 natura
463 3761 561 3827 habet
585 3768 617 3827 et
640 3783 736 3845 quam
760 3767 887 3846 oportet
911 3767 943 3826 et
967 3782 1062 3844 quam
1077 3768 1130 3826 sat
1145 3767 1203 3828 est.
1235 3761 1370 3826 totidem

143 3874 250 3933 autem
280 3868 451 3952 generibus
480 3868 692 3953 corrumpitur
720 3869 823 3933 oratio
852 3874 929 3951 quot
957 3873 1096 3932 ornatur.
1143 3867 1202 3934 sed
1235 3868 1276 3933 de
1308 3869 1370 3934 hac

143 3984 236 4059 parte
265 3981 297 4040 et
325 3977 364 4040 in
392 3976 469 4040 alio
498 3975 592 4042 nobis
622 3996 736 4061 opere
764 3975 919 4061 plenius
948 3973 1091 4041 dictum
1119 3982 1170 4042 est
1198 3984 1230 4042 et
1253 3977 1286 4041 in
1309 3977 1370 4043 hoc

235 4187 256 4255 ¹)
275 4189 458 4244 cacozelon
476 4193 509 4243 et
528 4190 656 4244 dicitnr
673 4190 770 4254 libri,
789 4190 966 4244 cacozelon
985 4207 1063 4244 uero
1078 4193 1128 4244 est
1142 4191 1228 4259 quod
1242 4191 1370 4246 dicitur

143 4295 205 4330 cum
218 4278 311 4332 Julio
325 4278 494 4343 Victorio,
514 4279 563 4346 qui
582 4297 653 4346 quae
670 4279 838 4348 praecedunt
856 4279 957 4345 omisit,
976 4280 1184 4336 Bonnellius.
1217 4281 1369 4336 Halmius

143 4384 172 4420 re
194 4366 339 4436 desperata
361 4369 477 4422 lacunae
500 4368 611 4436 signum
639 4368 739 4438 posuit.
777 4385 828 4438 ego
856 4369 1000 4423 enuntiato
1027 4369 1101 4436 quod
1124 4372 1167 4423 est
1193 4389 1210 4425 a
1233 4371 1290 4424 looo
1314 4387 1368 4424 cor·

143 4459 224 4524 rupto
243 4456 277 4510 ad
296 4459 350 4510 sat
368 4461 419 4511 est
434 4474 546 4511 cansam
561 4457 662 4510 adferri
680 4459 756 4526 put0,
777 4476 833 4525 qua
847 4474 927 4512 omne
946 4459 1086 4514 cacozelon
1100 4459 1202 4512 falsum
1220 4459 1263 4512 sit.
1297 4459 1370 4525 quod
1418 4495 1420 4500 ,

142 4543 201 4598 fieri
228 4562 332 4611 censeo,
361 4546 383 4598 si
411 4545 453 4600 ita
480 4545 598 4615 legimus
626 4548 658 4600 ut
685 4546 859 4600 scribendum
882 4547 1019 4617 proposui.
1061 4547 1158 4617 opinor
1181 4546 1283 4600 uitium
1305 4547 1369 4601 inde

143 4635 233 4688 ortum
254 4651 311 4688 esse
330 4634 403 4704 qnod
422 4653 436 4689 e
455 4634 558 4705 duplici
578 4636 731 4692 cacozelo
749 4635 878 4693 librarius
897 4655 983 4692 unum
1002 4636 1133 4694 omiserit.
