3250 5016
718 373 762 438 35

217 564 403 649 Hyperbole
426 565 639 632 immoderata
663 567 843 633 continetur
867 567 914 633 eis
939 588 1022 651 quae
1044 567 1195 651 leguntur
1214 568 1354 634 Oontrou

125 671 200 756 ιιι,
220 674 364 737 10-13:
389 673 443 756 qui
466 673 556 739 locus
579 695 620 740 ne
643 674 792 758 Hoefigio
817 675 946 757 quidem
970 674 1112 740 adridet:
1142 676 1177 741 cf
1191 675 1240 740 ld
1262 679 1352 760 p38.

124 776 234 843 thema
259 779 321 844 hoc
349 786 414 846 est:
451 780 571 865 „Diues
599 787 665 846 tres
697 780 783 848 filios
818 781 992 846 abdicauit.
1050 782 1132 868 petit
1162 803 1182 846 a
1209 802 1353 867 paupere

124 885 252 952 unicum
281 885 380 952 filium
409 886 443 950 in
470 887 687 972 adoptionem.
732 909 858 973 pauper
886 888 965 955 dare
994 887 1070 953 uult.
1117 889 1278 954 nolentem
1305 888 1352 954 ire

124 992 283 1058 abdicat.“
329 994 484 1079 pauperis
508 995 609 1059 filium
632 1015 668 1061 se
692 994 920 1062 defendentem
947 995 993 1060 ita
1017 996 1096 1061 facit
1119 995 1294 1080 Fabianus,
1317 1001 1353 1061 ut

124 1108 275 1186 exponat,
302 1108 424 1184 quanta
446 1102 592 1187 pericula
620 1101 714 1168 diuiti
743 1103 938 1187 immineant,
968 1110 1089 1186 quanta
1118 1103 1311 1168 detrimenta
1335 1123 1353 1168 e

125 1207 249 1273 diuitiis
272 1209 447 1293 profluant:
478 1230 561 1292 quae
584 1211 733 1275 nimirum
760 1211 897 1277 ueritum
927 1232 946 1276 a
971 1211 1072 1277 diuite
1100 1230 1174 1277 sese
1201 1209 1352 1294 adoptari

123 1314 213 1378 illum
237 1315 332 1380 nolle.
379 1337 418 1382 ex
441 1317 557 1400 quibus
581 1322 689 1382 autem
712 1319 807 1384 rebus
830 1318 1014 1403 perniciosa
1038 1317 1223 1383 diuitiarum
1236 1323 1353 1382 natura

123 1423 339 1508 perspicitur?
386 1423 522 1508 primum
546 1445 586 1490 ex
610 1445 657 1510 eo,
686 1425 772 1508 quod
801 1425 885 1490 auri
914 1446 1027 1491 sacra
1056 1425 1176 1490 fames
1200 1424 1244 1490 ad
1265 1424 1353 1489 bella

123 1528 269 1610 gerenda
297 1530 434 1615 impellit
461 1531 616 1598 homines.
663 1532 730 1597 iam
757 1539 807 1598 est
835 1534 963 1598 occasio
991 1532 1186 1618 proeliorum
1214 1538 1352 1598 terrores

125 1635 338 1702 describendi.
377 1636 532 1724 deinceps
556 1640 654 1706 etiam
677 1639 777 1706 aedes
801 1661 821 1704 a
845 1640 1019 1706 luxoriosis
1044 1646 1228 1706 exstructae
1250 1645 1352 1703 morte

122 1744 284 1808 minantur
306 1746 560 1828 possessoribus.
607 1747 751 1829 sequitur
773 1745 886 1811 horum
915 1767 1041 1830 quoque
1069 1745 1245 1831 descriptio
1267 1745 1352 1830 peri-

123 1850 275 1916 culorum.
327 1858 396 1916 tota
423 1853 506 1918 baec
533 1854 616 1919 ratio
649 1854 833 1938 explicandi
861 1855 1072 1940 hyperbolica
1104 1861 1154 1920 est
1181 1861 1214 1918 et
1242 1853 1352 1918 immo·

123 1957 254 2024 derata:
277 1959 417 2024 maxime
433 1967 540 2026 autem
563 1961 597 2024 in
612 1959 882 2046 descriptionibus
907 1982 988 2044 quas
1003 1960 1146 2027 indicaui
1169 1959 1251 2025 illud
1264 1960 1350 2026 inest

122 2065 251 2131 uitium:
283 2086 382 2149 quare
405 2067 466 2134 has
488 2067 586 2132 uelim
613 2067 715 2152 legas,
744 2088 834 2152 quas,
864 2089 904 2134 ne
927 2069 1044 2152 longus
1074 2068 1143 2152 sim,
1173 2068 1264 2151 ipsas
1287 2087 1351 2135 non
1464 2153 1466 2158 Ι

122 2172 245 2238 adfero.
297 2174 401 2240 simile
437 2173 631 2258 hyperboles
669 2175 850 2259 exemplum
886 2175 1048 2242 inuenitur
1084 2174 1116 2238 Il
1148 2179 1168 2242 5
1206 2179 1225 2255 ξ
1258 2177 1288 2242 6.
1321 2177 1350 2239 7.

122 2281 354 2346 sententiarum
377 2282 524 2364 argutias
547 2282 692 2367 reperias
715 2283 854 2348 maxime
873 2282 904 2345 ll
924 2286 953 2368 6,
977 2286 997 2347 4
1022 2303 1061 2367 m,
1089 2282 1145 2346 ubi
1167 2281 1201 2345 in
1224 2287 1350 2366 patrem

122 2407 142 2451 a
166 2387 233 2452 filio
258 2396 389 2473 propter
416 2389 517 2453 uitam
541 2388 738 2472 luxuriosam
768 2395 955 2454 accusatum
978 2390 1060 2454 haec
1082 2389 1258 2454 iactantur:
1287 2407 1350 2451 non

122 2501 174 2560 est
195 2479 323 2559 luxuria
346 2502 402 2560 tua
426 2497 554 2579 qualem
577 2494 682 2560 uideri
705 2495 801 2562 uelis:
830 2516 895 2560 non
916 2496 1050 2562 simulas
1074 2495 1157 2560 enim
1184 2495 1257 2579 ista,
1291 2492 1350 2560 sed

121 2601 214 2686 facis,
238 2622 297 2667 nec
321 2609 482 2667 amantem
505 2602 587 2688 agis,
612 2602 670 2669 sed
686 2623 786 2687 amas,
809 2623 869 2668 nec
891 2609 1059 2688 potantem
1083 2601 1265 2686 adumbras‚
1290 2599 1349 2666 sed

120 2708 215 2794 bibis,
239 2730 300 2775 nec
314 2709 455 2774 dedoces
479 2711 564 2775 bona
588 2708 758 2795 dissipare,
784 2708 842 2776 sed
859 2709 1012 2795 dissipas.
1028 2747 1071 2755 -—
1087 2708 1205 2774 similia
1220 2714 1350 2773 exstant

120 2815 206 2902 112,
231 2819 259 2883 4.
306 2819 335 2902 3,
360 2820 379 2882 9
403 2838 443 2884 m.

212 2922 275 3000 Qui
297 2923 379 2990 baec
402 2924 586 2991 consideret
610 2945 704 3009 spero
728 2924 796 2990 fore
820 2931 855 2989 ut
878 2943 1001 2989 mecum
1025 2922 1147 2987 iudicet
1169 2920 1349 2986 Fabianum

120 3051 185 3094 non
207 3032 341 3115 propius
370 3053 465 3115 quam
488 3032 679 3115 magistrum
708 3032 890 3098 accessisse
918 3031 962 3096 ad
986 3051 1100 3096 sanam
1124 3028 1349 3115 eloquentiam,

121 3137 198 3202 dum
222 3137 351 3221 quidem
366 3147 453 3206 esset
476 3139 682 3205 declamator.
729 3138 893 3205 difficilius
909 3145 959 3204 est
974 3144 1125 3221 statuere,
1149 3155 1212 3219 quo
1228 3154 1347 3218 genere

120 3244 252 3310 dicendi
280 3245 322 3311 sit
350 3267 436 3332 usus,
467 3255 640 3332 postquam
671 3246 860 3312 discesserit
892 3246 934 3310 ad
967 3252 1078 3330 partes
1110 3241 1347 3327 philosophiae.

118 3373 196 3417 nam
219 3353 355 3437 primum
379 3354 503 3419 Seneca
526 3360 620 3439 pater
642 3354 674 3417 Il
697 3354 795 3438 praef
814 3357 834 3433 ἓ
858 3357 878 3417 2
907 3351 986 3417 dicit
1007 3358 1074 3416 tum
1097 3349 1254 3415 luxuriem
1277 3368 1347 3414 uer-

117 3462 233 3526 borum
257 3462 298 3526 ab
323 3481 361 3525 eo
390 3462 549 3527 abiectam
573 3481 654 3528 esse.
702 3460 819 3526 deinde
843 3460 967 3526 Seneca.
992 3459 1116 3542 filius,
1141 3457 1195 3540 qui
1219 3454 1348 3520 auditor

118 3568 181 3632 fuit
195 3567 327 3652 Papirii,
351 3568 508 3653 epistular
521 3568 598 3633 XVI
619 3569 639 3634 5
664 3565 757 3654 (loo)
780 3587 921 3653 purgare
944 3587 1017 3632 eum
1041 3564 1149 3631 studet
1171 3584 1192 3627 a
1215 3562 1347 3627 crimine

117 3675 355 3759 incompositae
382 3683 415 3740 et
445 3676 616 3758 neglectae
649 3675 819 3740 orationis:
854 3673 940 3757 quod
972 3673 1101 3738 minime
1129 3671 1159 3736 ei
1188 3669 1347 3735 obiectari

119 3782 346 3866 expectaueris
380 3782 435 3865 qui
468 3782 616 3867 opposito
647 3782 726 3846 uitio
743 3781 954 3866 ·peccanisse
985 3781 1019 3844 in
1055 3775 1267 3844 declamando
1306 3776 1348 3842 sit

116 3887 292 3974 putandus.
338 3889 448 3971 itaque
476 3890 517 3954 ab
547 3886 746 3953 abundantia
775 3909 811 3954 se
834 3887 1033 3952 conuertisse
1064 3885 1193 3951 uidetur
1225 3882 1268 3947 ad
1300 3883 1346 3948 in-

117 4002 282 4080 comptam
310 3996 562 4080 simplicitatem:
593 3995 711 4060 etenim
740 3994 783 4060 ad
812 3994 874 4059 hoc
904 3993 989 4059 redit
1017 3994 1161 4061 Senecae
1190 3988 1346 4074 defensio,

116 4110 154 4168 ut
176 4123 300 4187 puram,
326 4103 467 4188 planam,
494 4103 676 4167 inornatam
700 4122 773 4168 esse
804 4102 873 4168 eius
897 4102 1109 4167 elocutionem
1139 4102 1344 4172 demonstret.

116 4218 278 4275 tamenne
292 4210 423 4275 nimium
447 4209 616 4275 credamus
632 4209 662 4274 ci
677 4210 730 4292 qui
753 4210 824 4294 ipse
848 4209 944 4274 fuerit
968 4216 1186 4293 corruptorum
1203 4210 1345 4295 signifer,

116 4315 365 4383 custodiendum
380 4317 448 4382 erit.
482 4338 556 4382 nam
567 4316 654 4382 idem
670 4317 789 4401 epistul
804 4315 857 4402 Vl,
873 4321 892 4381 6
908 4315 979 4402 (58)
997 4320 1016 4396 ξ
1032 4320 1052 4381 6
1066 4317 1246 4382 Fabianum
1267 4318 1346 4382 dicit

117 4443 192 4489 esse
207 4423 382 4507 „disertum
406 4431 439 4488 et
462 4425 652 4507 elegantem,
677 4424 833 4489 orationis
848 4424 946 4488 etiam
962 4423 1006 4487 ad
1020 4429 1163 4489 nostrum
1178 4424 1345 4490 fastidium

114 4529 270 4596 nitidae.“
316 4537 348 4596 et
371 4531 496 4596 Seneca
518 4537 612 4615 pater
635 4530 701 4594 ld:
726 4531 759 4594 in
784 4551 915 4614 summa,
939 4530 1050 4614 inquit,
1075 4530 1144 4596 eius
1169 4539 1201 4596 et
1225 4531 1344 4616 simpli-

116 4638 251 4705 cissima
278 4637 433 4703 facultate
466 4637 595 4704 dicendi
628 4639 833 4722 antiquorum
863 4648 972 4704 tamen
989 4638 1150 4703 ..uitiorum
1179 4645 1346 4706 remanent

1155 4745 1186 4802 3*
