<?xml version="1.0" encoding="UTF-8"?>
<!DOCTYPE html PUBLIC "-//W3C//DTD XHTML 1.0 Transitional//EN"
    "http://www.w3.org/TR/xhtml1/DTD/xhtml1-transitional.dtd">
<html xmlns="http://www.w3.org/1999/xhtml" xml:lang="en" lang="en">
 <head>
  <title>
</title>
<meta http-equiv="Content-Type" content="text/html;charset=utf-8" />
  <meta name='ocr-system' content='tesseract 3.04.00' />
  <meta name='ocr-capabilities' content='ocr_page ocr_carea ocr_par ocr_line ocrx_word'/>
</head>
<body>
  <div class='ocr_page' id='page_1' title='image "./dequintilianili01reutgoog_0076.png"; bbox 0 0 3250 5016; ppageno 0'>
   <div class='ocr_carea' id='block_1_1' title="bbox 864 379 907 445">
    <p class='ocr_par' dir='ltr' id='par_1_1' title="bbox 864 379 907 445">
     <span class='ocr_line' id='line_1_1' title="bbox 864 379 907 445; baseline 0.023 -1"><span class='ocrx_word' id='word_1_1' title='bbox 864 379 907 445; x_wconf 78' lang='lat' dir='ltr'><strong>to</strong></span> 
     </span>
    </p>
   </div>
   <div class='ocr_carea' id='block_1_2' title="bbox 269 573 1498 1310">
    <p class='ocr_par' dir='ltr' id='par_1_2' title="bbox 269 573 1498 1310">
     <span class='ocr_line' id='line_1_2' title="bbox 358 573 1494 662; baseline -0.001 -20"><span class='ocrx_word' id='word_1_2' title='bbox 358 573 442 653; x_wconf 83' lang='lat' dir='ltr'>Quid</span> <span class='ocrx_word' id='word_1_3' title='bbox 470 575 569 659; x_wconf 80' lang='lat' dir='ltr'><strong>igitur</strong></span> <span class='ocrx_word' id='word_1_4' title='bbox 596 575 776 643; x_wconf 90' lang='lat' dir='ltr'><strong>iudicamus</strong></span> <span class='ocrx_word' id='word_1_5' title='bbox 805 575 846 644; x_wconf 92' lang='lat' dir='ltr'><strong>do</strong></span> <span class='ocrx_word' id='word_1_6' title='bbox 875 575 1051 662; x_wconf 81' lang='lat' dir='ltr'>sophistis?</span> <span class='ocrx_word' id='word_1_7' title='bbox 1102 595 1207 642; x_wconf 86' lang='lat' dir='ltr'><strong>noune</strong></span> <span class='ocrx_word' id='word_1_8' title='bbox 1235 577 1421 644; x_wconf 89' lang='lat' dir='ltr'><strong>instaurare</strong></span> <span class='ocrx_word' id='word_1_9' title='bbox 1451 578 1494 642; x_wconf 90' lang='lat' dir='ltr'><strong>ui-</strong></span> 
     </span>
     <span class='ocr_line' id='line_1_3' title="bbox 269 683 1496 770; baseline 0.002 -22"><span class='ocrx_word' id='word_1_10' title='bbox 269 683 384 750; x_wconf 83' lang='lat' dir='ltr'><strong>dentur</strong></span> <span class='ocrx_word' id='word_1_11' title='bbox 420 705 522 768; x_wconf 86' lang='lat' dir='ltr'><strong>genus</strong></span> <span class='ocrx_word' id='word_1_12' title='bbox 559 685 639 750; x_wconf 92' lang='lat' dir='ltr'><strong>illud</strong></span> <span class='ocrx_word' id='word_1_13' title='bbox 677 685 833 750; x_wconf 81' lang='lat' dir='ltr'><strong>Asianum</strong></span> <span class='ocrx_word' id='word_1_14' title='bbox 874 683 960 768; x_wconf 89' lang='lat' dir='ltr'><strong>quod</strong></span> <span class='ocrx_word' id='word_1_15' title='bbox 1001 685 1244 752; x_wconf 87' lang='lat' dir='ltr'><strong>inculeaueraut</strong></span> <span class='ocrx_word' id='word_1_16' title='bbox 1281 684 1496 770; x_wconf 78' lang='lat' dir='ltr'><strong>Dionysius</strong></span> 
     </span>
     <span class='ocr_line' id='line_1_4' title="bbox 270 791 1497 876; baseline 0.001 -20"><span class='ocrx_word' id='word_1_17' title='bbox 270 791 571 858; x_wconf 89' lang='lat' dir='ltr'><strong>Halicarnassensis</strong></span> <span class='ocrx_word' id='word_1_18' title='bbox 595 801 628 858; x_wconf 89' lang='lat' dir='ltr'><strong>et</strong></span> <span class='ocrx_word' id='word_1_19' title='bbox 652 792 852 858; x_wconf 75' lang='lat' dir='ltr'><strong>Caecilius</strong></span> <span class='ocrx_word' id='word_1_20' title='bbox 877 792 1078 858; x_wconf 78' lang='lat' dir='ltr'><strong>Calactites?</strong></span> <span class='ocrx_word' id='word_1_21' title='bbox 1126 791 1212 876; x_wconf 89' lang='lat' dir='ltr'><strong>quod</strong></span> <span class='ocrx_word' id='word_1_22' title='bbox 1236 812 1276 858; x_wconf 92' lang='lat' dir='ltr'><strong>ue</strong></span> <span class='ocrx_word' id='word_1_23' title='bbox 1301 793 1497 876; x_wconf 76' lang='lat' dir='ltr'><strong>arbitremur,</strong></span> 
     </span>
     <span class='ocr_line' id='line_1_5' title="bbox 271 899 1497 985; baseline -0.002 -19"><span class='ocrx_word' id='word_1_24' title='bbox 271 920 308 966; x_wconf 92' lang='lat' dir='ltr'><strong>eo</strong></span> <span class='ocrx_word' id='word_1_25' title='bbox 332 899 477 985; x_wconf 91' lang='lat' dir='ltr'><strong>profecto</strong></span> <span class='ocrx_word' id='word_1_26' title='bbox 506 921 569 966; x_wconf 94' lang='lat' dir='ltr'><strong>non</strong></span> <span class='ocrx_word' id='word_1_27' title='bbox 597 900 809 985; x_wconf 82' lang='lat' dir='ltr'><strong>prohibemur,</strong></span> <span class='ocrx_word' id='word_1_28' title='bbox 840 899 925 984; x_wconf 90' lang='lat' dir='ltr'><strong>quod</strong></span> <span class='ocrx_word' id='word_1_29' title='bbox 954 907 1082 967; x_wconf 89' lang='lat' dir='ltr'><strong>constat</strong></span> <span class='ocrx_word' id='word_1_30' title='bbox 1111 900 1144 965; x_wconf 92' lang='lat' dir='ltr'><strong>in</strong></span> <span class='ocrx_word' id='word_1_31' title='bbox 1173 899 1301 966; x_wconf 86' lang='lat' dir='ltr'><strong>delectu</strong></span> <span class='ocrx_word' id='word_1_32' title='bbox 1329 902 1497 966; x_wconf 89' lang='lat' dir='ltr'><strong>uerborum</strong></span> 
     </span>
     <span class='ocr_line' id='line_1_6' title="bbox 270 1007 1497 1098; baseline -0.001 -23"><span class='ocrx_word' id='word_1_33' title='bbox 270 1007 434 1092; x_wconf 91' lang='lat' dir='ltr'><strong>sophistas</strong></span> <span class='ocrx_word' id='word_1_34' title='bbox 458 1009 673 1074; x_wconf 85' lang='lat' dir='ltr'><strong>Atticorum</strong></span> <span class='ocrx_word' id='word_1_35' title='bbox 697 1007 887 1075; x_wconf 81' lang='lat' dir='ltr'><strong>desudasse.</strong></span> <span class='ocrx_word' id='word_1_36' title='bbox 935 1015 1036 1074; x_wconf 90' lang='lat' dir='ltr'><strong>totum</strong></span> <span class='ocrx_word' id='word_1_37' title='bbox 1060 1009 1143 1075; x_wconf 91' lang='lat' dir='ltr'><strong>enim</strong></span> <span class='ocrx_word' id='word_1_38' title='bbox 1168 1029 1271 1098; x_wconf 81' lang='lat' dir='ltr'><strong>genus</strong></span> <span class='ocrx_word' id='word_1_39' title='bbox 1300 1008 1431 1075; x_wconf 90' lang='lat' dir='ltr'><strong>dicendi</strong></span> <span class='ocrx_word' id='word_1_40' title='bbox 1454 1009 1497 1074; x_wconf 80' lang='lat' dir='ltr'><strong>in·</strong></span> 
     </span>
     <span class='ocr_line' id='line_1_7' title="bbox 270 1115 1498 1200; baseline 0 -20"><span class='ocrx_word' id='word_1_41' title='bbox 270 1115 427 1198; x_wconf 83' lang='lat' dir='ltr'><strong>telligitur</strong></span> <span class='ocrx_word' id='word_1_42' title='bbox 455 1115 618 1183; x_wconf 89' lang='lat' dir='ltr'><strong>diuersum</strong></span> <span class='ocrx_word' id='word_1_43' title='bbox 642 1118 683 1182; x_wconf 92' lang='lat' dir='ltr'><strong>ab</strong></span> <span class='ocrx_word' id='word_1_44' title='bbox 707 1116 849 1200; x_wconf 82' lang='lat' dir='ltr'><strong>ingenua</strong></span> <span class='ocrx_word' id='word_1_45' title='bbox 878 1116 1034 1184; x_wconf 90' lang='lat' dir='ltr'><strong>orationis</strong></span> <span class='ocrx_word' id='word_1_46' title='bbox 1058 1117 1187 1183; x_wconf 84' lang='lat' dir='ltr'><strong>Atticae</strong></span> <span class='ocrx_word' id='word_1_47' title='bbox 1215 1115 1324 1183; x_wconf 92' lang='lat' dir='ltr'><strong>indole</strong></span> <span class='ocrx_word' id='word_1_48' title='bbox 1348 1123 1382 1182; x_wconf 90' lang='lat' dir='ltr'><strong>et</strong></span> <span class='ocrx_word' id='word_1_49' title='bbox 1406 1137 1498 1200; x_wconf 90' lang='lat' dir='ltr'><strong>quam</strong></span> 
     </span>
     <span class='ocr_line' id='line_1_8' title="bbox 272 1222 965 1310; baseline 0.003 -22"><span class='ocrx_word' id='word_1_50' title='bbox 272 1223 466 1289; x_wconf 91' lang='lat' dir='ltr'><strong>simillimum</strong></span> <span class='ocrx_word' id='word_1_51' title='bbox 490 1223 632 1291; x_wconf 83' lang='lat' dir='ltr'><strong>Asiauae</strong></span> <span class='ocrx_word' id='word_1_52' title='bbox 657 1223 778 1289; x_wconf 89' lang='lat' dir='ltr'><strong>feritati</strong></span> <span class='ocrx_word' id='word_1_53' title='bbox 802 1222 965 1310; x_wconf 70' lang='lat' dir='ltr'><strong>fuisse.⁴⁴)</strong></span> 
     </span>
    </p>
   </div>
   <div class='ocr_carea' id='block_1_3' title="bbox 272 1346 1500 1540">
    <p class='ocr_par' dir='ltr' id='par_1_3' title="bbox 272 1346 1500 1540">
     <span class='ocr_line' id='line_1_9' title="bbox 358 1346 1499 1432; baseline -0.001 -20"><span class='ocrx_word' id='word_1_54' title='bbox 358 1349 395 1414; x_wconf 90' lang='lat' dir='ltr'><strong>lu</strong></span> <span class='ocrx_word' id='word_1_55' title='bbox 423 1348 569 1413; x_wconf 81' lang='lat' dir='ltr'><strong>Asiana</strong></span> <span class='ocrx_word' id='word_1_56' title='bbox 597 1347 695 1431; x_wconf 86' lang='lat' dir='ltr'><strong>igitur</strong></span> <span class='ocrx_word' id='word_1_57' title='bbox 727 1346 791 1413; x_wconf 90' lang='lat' dir='ltr'><strong>dici</strong></span> <span class='ocrx_word' id='word_1_58' title='bbox 818 1353 927 1432; x_wconf 87' lang='lat' dir='ltr'><strong>potest</strong></span> <span class='ocrx_word' id='word_1_59' title='bbox 959 1347 1113 1415; x_wconf 90' lang='lat' dir='ltr'><strong>facundia</strong></span> <span class='ocrx_word' id='word_1_60' title='bbox 1146 1348 1285 1415; x_wconf 84' lang='lat' dir='ltr'><strong>desiisse</strong></span> <span class='ocrx_word' id='word_1_61' title='bbox 1316 1348 1499 1432; x_wconf 85' lang='lat' dir='ltr'><strong>eloquentia</strong></span> 
     </span>
     <span class='ocr_line' id='line_1_10' title="bbox 272 1455 1500 1540; baseline 0 -20"><span class='ocrx_word' id='word_1_62' title='bbox 272 1455 407 1540; x_wconf 82' lang='lat' dir='ltr'><strong>Graeca,</strong></span> <span class='ocrx_word' id='word_1_63' title='bbox 439 1456 585 1520; x_wconf 89' lang='lat' dir='ltr'><strong>Romana</strong></span> <span class='ocrx_word' id='word_1_64' title='bbox 617 1455 650 1519; x_wconf 93' lang='lat' dir='ltr'><strong>in</strong></span> <span class='ocrx_word' id='word_1_65' title='bbox 682 1462 872 1539; x_wconf 89' lang='lat' dir='ltr'><strong>corrupta.</strong></span> <span class='ocrx_word' id='word_1_66' title='bbox 918 1475 1023 1538; x_wconf 89' lang='lat' dir='ltr'><strong>neque</strong></span> <span class='ocrx_word' id='word_1_67' title='bbox 1055 1455 1155 1538; x_wconf 84' lang='lat' dir='ltr'><strong>igitur</strong></span> <span class='ocrx_word' id='word_1_68' title='bbox 1186 1456 1365 1540; x_wconf 89' lang='lat' dir='ltr'><strong>Dionysius</strong></span> <span class='ocrx_word' id='word_1_69' title='bbox 1398 1475 1500 1539; x_wconf 92' lang='lat' dir='ltr'><strong>neque</strong></span> 
     </span>
    </p>
   </div>
   <div class='ocr_carea' id='block_1_4' title="bbox 204 1721 1512 4734">
    <p class='ocr_par' dir='ltr' id='par_1_4' title="bbox 204 1721 1512 4734">
     <span class='ocr_line' id='line_1_11' title="bbox 363 1721 1499 1792; baseline 0.002 -16"><span class='ocrx_word' id='word_1_70' title='bbox 363 1721 399 1789; x_wconf 77' lang='lat'><strong>⁴⁴)</strong></span> <span class='ocrx_word' id='word_1_71' title='bbox 418 1724 492 1778; x_wconf 89' lang='lat' dir='ltr'><strong>Haeo</strong></span> <span class='ocrx_word' id='word_1_72' title='bbox 511 1724 650 1778; x_wconf 85' lang='lat' dir='ltr'><strong>sententia</strong></span> <span class='ocrx_word' id='word_1_73' title='bbox 668 1723 805 1792; x_wconf 80' lang='lat' dir='ltr'><strong>profertur</strong></span> <span class='ocrx_word' id='word_1_74' title='bbox 828 1724 996 1779; x_wconf 89' lang='lat' dir='ltr'><strong>aRohdio</strong></span> <span class='ocrx_word' id='word_1_75' title='bbox 1024 1724 1054 1778; x_wconf 90' lang='lat' dir='ltr'><strong>in</strong></span> <span class='ocrx_word' id='word_1_76' title='bbox 1077 1724 1147 1778; x_wconf 91' lang='lat' dir='ltr'><strong>libro</strong></span> <span class='ocrx_word' id='word_1_77' title='bbox 1171 1725 1204 1779; x_wconf 89' lang='lat' dir='ltr'><strong>de</strong></span> <span class='ocrx_word' id='word_1_78' title='bbox 1227 1724 1329 1778; x_wconf 87' lang='lat' dir='ltr'><strong>fabulis</strong></span> <span class='ocrx_word' id='word_1_79' title='bbox 1348 1725 1499 1780; x_wconf 87' lang='lat' dir='ltr'><strong>Romanen-</strong></span> 
     </span>
     <span class='ocr_line' id='line_1_12' title="bbox 273 1813 1501 1884; baseline 0.002 -18"><span class='ocrx_word' id='word_1_80' title='bbox 273 1813 347 1867; x_wconf 90' lang='lat' dir='ltr'><strong>sibus</strong></span> <span class='ocrx_word' id='word_1_81' title='bbox 371 1813 482 1868; x_wconf 82' lang='lat' dir='ltr'><strong>Graecis</strong></span> <span class='ocrx_word' id='word_1_82' title='bbox 511 1813 665 1882; x_wconf 80' lang='lat' dir='ltr'><strong>conscripti,</strong></span> <span class='ocrx_word' id='word_1_83' title='bbox 690 1831 708 1882; x_wconf 90' lang='lat' dir='ltr'><strong>p</strong></span> <span class='ocrx_word' id='word_1_84' title='bbox 727 1814 780 1866; x_wconf 83' lang='lat'><strong>290</strong></span> <span class='ocrx_word' id='word_1_85' title='bbox 799 1831 857 1882; x_wconf 89' lang='lat' dir='ltr'><strong>sqq,</strong></span> <span class='ocrx_word' id='word_1_86' title='bbox 881 1813 1001 1868; x_wconf 87' lang='lat' dir='ltr'><strong>maxime</strong></span> <span class='ocrx_word' id='word_1_87' title='bbox 1021 1813 1073 1868; x_wconf 83' lang='lat'><strong>290</strong></span> <span class='ocrx_word' id='word_1_88' title='bbox 1098 1813 1153 1868; x_wconf 91' lang='lat' dir='ltr'><strong>adn</strong></span> <span class='ocrx_word' id='word_1_89' title='bbox 1172 1815 1196 1868; x_wconf 93' lang='lat'><strong>1.</strong></span> <span class='ocrx_word' id='word_1_90' title='bbox 1238 1813 1398 1882; x_wconf 89' lang='lat' dir='ltr'><strong>opinionem</strong></span> <span class='ocrx_word' id='word_1_91' title='bbox 1422 1815 1501 1884; x_wconf 90' lang='lat' dir='ltr'><strong>plane</strong></span> 
     </span>
     <span class='ocr_line' id='line_1_13' title="bbox 274 1902 1501 1972; baseline 0.001 -16"><span class='ocrx_word' id='word_1_92' title='bbox 274 1904 309 1957; x_wconf 90' lang='lat' dir='ltr'><strong>ab</strong></span> <span class='ocrx_word' id='word_1_93' title='bbox 327 1903 379 1956; x_wconf 91' lang='lat' dir='ltr'><strong>hac</strong></span> <span class='ocrx_word' id='word_1_94' title='bbox 398 1903 535 1957; x_wconf 88' lang='lat' dir='ltr'><strong>diuersam</strong></span> <span class='ocrx_word' id='word_1_95' title='bbox 554 1902 680 1972; x_wconf 74' lang='lat' dir='ltr'><strong>exposuit</strong></span> <span class='ocrx_word' id='word_1_96' title='bbox 699 1904 721 1957; x_wconf 85' lang='lat' dir='ltr'><strong>G</strong></span> <span class='ocrx_word' id='word_1_97' title='bbox 742 1903 921 1957; x_wconf 89' lang='lat' dir='ltr'><strong>Kaibelius</strong></span> <span class='ocrx_word' id='word_1_98' title='bbox 940 1904 1058 1957; x_wconf 88' lang='lat' dir='ltr'><strong>Hermae</strong></span> <span class='ocrx_word' id='word_1_99' title='bbox 1076 1905 1121 1957; x_wconf 91' lang='lat' dir='ltr'><strong>vol</strong></span> <span class='ocrx_word' id='word_1_100' title='bbox 1136 1904 1179 1968; x_wconf 88' lang='grc'><strong>20,</strong></span> <span class='ocrx_word' id='word_1_101' title='bbox 1198 1903 1283 1972; x_wconf 75' lang='lat' dir='ltr'><strong>pror</strong></span> <span class='ocrx_word' id='word_1_102' title='bbox 1299 1921 1357 1971; x_wconf 91' lang='lat' dir='ltr'><strong>sqq.</strong></span> <span class='ocrx_word' id='word_1_103' title='bbox 1387 1903 1411 1958; x_wconf 93' lang='lat' dir='ltr'><strong>is</strong></span> <span class='ocrx_word' id='word_1_104' title='bbox 1431 1905 1501 1959; x_wconf 90' lang='lat' dir='ltr'><strong>euim</strong></span> 
     </span>
     <span class='ocr_line' id='line_1_14' title="bbox 273 1993 1502 2062; baseline 0.002 -16"><span class='ocrx_word' id='word_1_105' title='bbox 273 2011 290 2046; x_wconf 92' lang='lat' dir='ltr'><strong>a</strong></span> <span class='ocrx_word' id='word_1_106' title='bbox 309 1993 472 2061; x_wconf 88' lang='lat' dir='ltr'><strong>Dionysio</strong></span> <span class='ocrx_word' id='word_1_107' title='bbox 492 1997 542 2047; x_wconf 88' lang='lat' dir='ltr'><strong>aut</strong></span> <span class='ocrx_word' id='word_1_108' title='bbox 559 1996 754 2062; x_wconf 74' lang='lat' dir='ltr'><strong>praeparatam</strong></span> <span class='ocrx_word' id='word_1_109' title='bbox 773 1996 823 2048; x_wconf 85' lang='lat' dir='ltr'><strong>aut</strong></span> <span class='ocrx_word' id='word_1_110' title='bbox 841 1996 1013 2062; x_wconf 88' lang='lat' dir='ltr'><strong>procreatam</strong></span> <span class='ocrx_word' id='word_1_111' title='bbox 1032 2011 1089 2048; x_wconf 86' lang='lat' dir='ltr'><strong>esse</strong></span> <span class='ocrx_word' id='word_1_112' title='bbox 1101 1993 1287 2062; x_wconf 89' lang='lat' dir='ltr'><strong>sophistarum</strong></span> <span class='ocrx_word' id='word_1_113' title='bbox 1307 1997 1398 2048; x_wconf 88' lang='lat' dir='ltr'><strong>artem</strong></span> <span class='ocrx_word' id='word_1_114' title='bbox 1412 1995 1502 2048; x_wconf 87' lang='lat' dir='ltr'><strong>studet</strong></span> 
     </span>
     <span class='ocr_line' id='line_1_15' title="bbox 272 2083 1501 2153; baseline 0.002 -18"><span class='ocrx_word' id='word_1_115' title='bbox 272 2084 394 2152; x_wconf 88' lang='lat' dir='ltr'><strong>probare.</strong></span> <span class='ocrx_word' id='word_1_116' title='bbox 433 2083 591 2152; x_wconf 90' lang='lat' dir='ltr'><strong>obstupebit</strong></span> <span class='ocrx_word' id='word_1_117' title='bbox 611 2083 735 2152; x_wconf 91' lang='lat' dir='ltr'><strong>quisquis</strong></span> <span class='ocrx_word' id='word_1_118' title='bbox 754 2083 805 2137; x_wconf 90' lang='lat' dir='ltr'><strong>illa</strong></span> <span class='ocrx_word' id='word_1_119' title='bbox 823 2083 965 2152; x_wconf 86' lang='lat' dir='ltr'><strong>ingeniose</strong></span> <span class='ocrx_word' id='word_1_120' title='bbox 984 2083 1143 2153; x_wconf 85' lang='lat' dir='ltr'><strong>excogitata</strong></span> <span class='ocrx_word' id='word_1_121' title='bbox 1162 2083 1275 2152; x_wconf 82' lang='lat' dir='ltr'><strong>legerit:</strong></span> <span class='ocrx_word' id='word_1_122' title='bbox 1300 2083 1349 2151; x_wconf 92' lang='lat' dir='ltr'><strong>qui</strong></span> <span class='ocrx_word' id='word_1_123' title='bbox 1363 2085 1501 2140; x_wconf 86' lang='lat' dir='ltr'><strong>examina·</strong></span> 
     </span>
     <span class='ocr_line' id='line_1_16' title="bbox 274 2172 1503 2242; baseline 0 -16"><span class='ocrx_word' id='word_1_124' title='bbox 274 2173 346 2227; x_wconf 88' lang='lat' dir='ltr'><strong>uerit</strong></span> <span class='ocrx_word' id='word_1_125' title='bbox 364 2191 419 2226; x_wconf 91' lang='lat' dir='ltr'><strong>non</strong></span> <span class='ocrx_word' id='word_1_126' title='bbox 438 2173 618 2238; x_wconf 89' lang='lat' dir='ltr'><strong>adsentietur,</strong></span> <span class='ocrx_word' id='word_1_127' title='bbox 647 2177 679 2227; x_wconf 90' lang='lat' dir='ltr'><strong>ut</strong></span> <span class='ocrx_word' id='word_1_128' title='bbox 704 2173 806 2242; x_wconf 90' lang='lat' dir='ltr'><strong>opinor.</strong></span> <span class='ocrx_word' id='word_1_129' title='bbox 844 2191 879 2227; x_wconf 86' lang='lat' dir='ltr'><strong>ns</strong></span> <span class='ocrx_word' id='word_1_130' title='bbox 902 2172 1053 2228; x_wconf 87' lang='lat' dir='ltr'><strong>Rohdius</strong></span> <span class='ocrx_word' id='word_1_131' title='bbox 1081 2173 1193 2240; x_wconf 89' lang='lat' dir='ltr'><strong>quidem</strong></span> <span class='ocrx_word' id='word_1_132' title='bbox 1222 2175 1263 2228; x_wconf 91' lang='lat' dir='ltr'><strong>est</strong></span> <span class='ocrx_word' id='word_1_133' title='bbox 1291 2173 1431 2236; x_wconf 87' lang='lat' dir='ltr'><strong>adsensus,</strong></span> <span class='ocrx_word' id='word_1_134' title='bbox 1459 2173 1503 2228; x_wconf 90' lang='lat' dir='ltr'><strong>sed</strong></span> 
     </span>
     <span class='ocr_line' id='line_1_17' title="bbox 274 2263 1501 2342; baseline 0.002 -28"><span class='ocrx_word' id='word_1_135' title='bbox 274 2263 317 2314; x_wconf 81' lang='lat' dir='ltr'><strong>lih</strong></span> <span class='ocrx_word' id='word_1_136' title='bbox 340 2263 369 2316; x_wconf 93' lang='lat' dir='ltr'><strong><em>M</em></strong></span> <span class='ocrx_word' id='word_1_137' title='bbox 388 2265 429 2327; x_wconf 88' lang='grc'><strong>41,</strong></span> <span class='ocrx_word' id='word_1_138' title='bbox 454 2283 472 2332; x_wconf 93' lang='lat' dir='ltr'><strong>p</strong></span> <span class='ocrx_word' id='word_1_139' title='bbox 499 2265 548 2318; x_wconf 78' lang='grc'><strong>178</strong></span> <span class='ocrx_word' id='word_1_140' title='bbox 572 2282 623 2332; x_wconf 92' lang='lat' dir='ltr'><strong>sqq</strong></span> <span class='ocrx_word' id='word_1_141' title='bbox 646 2264 717 2318; x_wconf 90' lang='lat' dir='ltr'><strong>mira</strong></span> <span class='ocrx_word' id='word_1_142' title='bbox 735 2264 860 2342; x_wconf 76' lang='lat' dir='ltr'><strong>¹quadam</strong></span> <span class='ocrx_word' id='word_1_143' title='bbox 886 2264 1037 2318; x_wconf 88' lang='lat' dir='ltr'><strong>acrimonia</strong></span> <span class='ocrx_word' id='word_1_144' title='bbox 1066 2264 1096 2316; x_wconf 92' lang='lat' dir='ltr'><strong>in</strong></span> <span class='ocrx_word' id='word_1_145' title='bbox 1119 2263 1211 2318; x_wconf 88' lang='lat' dir='ltr'><strong>uirum</strong></span> <span class='ocrx_word' id='word_1_146' title='bbox 1234 2264 1346 2317; x_wconf 90' lang='lat' dir='ltr'><strong>doctum</strong></span> <span class='ocrx_word' id='word_1_147' title='bbox 1369 2264 1501 2320; x_wconf 88' lang='lat' dir='ltr'><strong>inuehens</strong></span> 
     </span>
     <span class='ocr_line' id='line_1_18' title="bbox 274 2353 1500 2425; baseline 0.002 -20"><span class='ocrx_word' id='word_1_148' title='bbox 274 2369 368 2406; x_wconf 87' lang='lat' dir='ltr'><strong>causas</strong></span> <span class='ocrx_word' id='word_1_149' title='bbox 393 2353 492 2420; x_wconf 92' lang='lat' dir='ltr'><strong>quibus</strong></span> <span class='ocrx_word' id='word_1_150' title='bbox 516 2353 564 2406; x_wconf 90' lang='lat' dir='ltr'><strong>ille</strong></span> <span class='ocrx_word' id='word_1_151' title='bbox 587 2354 734 2408; x_wconf 90' lang='lat' dir='ltr'><strong>inuentum</strong></span> <span class='ocrx_word' id='word_1_152' title='bbox 757 2368 838 2406; x_wconf 90' lang='lat' dir='ltr'><strong>suum</strong></span> <span class='ocrx_word' id='word_1_153' title='bbox 860 2353 1019 2408; x_wconf 88' lang='lat' dir='ltr'><strong>inauditum</strong></span> <span class='ocrx_word' id='word_1_154' title='bbox 1046 2353 1180 2408; x_wconf 88' lang='lat' dir='ltr'><strong>fulciebat</strong></span> <span class='ocrx_word' id='word_1_155' title='bbox 1203 2353 1367 2422; x_wconf 85' lang='lat' dir='ltr'><strong>grauissimo</strong></span> <span class='ocrx_word' id='word_1_156' title='bbox 1395 2355 1500 2425; x_wconf 91' lang='lat' dir='ltr'><strong>impetu</strong></span> 
     </span>
     <span class='ocr_line' id='line_1_19' title="bbox 274 2441 1503 2511; baseline 0.003 -17"><span class='ocrx_word' id='word_1_157' title='bbox 274 2441 353 2495; x_wconf 92' lang='lat' dir='ltr'><strong>humi</strong></span> <span class='ocrx_word' id='word_1_158' title='bbox 381 2445 501 2497; x_wconf 90' lang='lat' dir='ltr'><strong>sternere</strong></span> <span class='ocrx_word' id='word_1_159' title='bbox 528 2442 581 2496; x_wconf 91' lang='lat' dir='ltr'><strong>sihi</strong></span> <span class='ocrx_word' id='word_1_160' title='bbox 609 2443 727 2497; x_wconf 91' lang='lat' dir='ltr'><strong>uidetur.</strong></span> <span class='ocrx_word' id='word_1_161' title='bbox 775 2445 859 2510; x_wconf 86' lang='lat' dir='ltr'><strong>atque</strong></span> <span class='ocrx_word' id='word_1_162' title='bbox 886 2441 957 2496; x_wconf 89' lang='lat' dir='ltr'><strong>illud</strong></span> <span class='ocrx_word' id='word_1_163' title='bbox 984 2443 1097 2511; x_wconf 91' lang='lat' dir='ltr'><strong>quidem</strong></span> <span class='ocrx_word' id='word_1_164' title='bbox 1124 2442 1245 2497; x_wconf 85' lang='lat' dir='ltr'><strong>Kaihelii</strong></span> <span class='ocrx_word' id='word_1_165' title='bbox 1273 2461 1327 2510; x_wconf 92' lang='lat' dir='ltr'><strong>quo</strong></span> <span class='ocrx_word' id='word_1_166' title='bbox 1352 2445 1503 2500; x_wconf 88' lang='lat' dir='ltr'><strong>arbitratur</strong></span> 
     </span>
     <span class='ocr_line' id='line_1_20' title="bbox 204 2529 1500 2601; baseline 0.005 -18"><span class='ocrx_word' id='word_1_167' title='bbox 204 2558 207 2564; x_wconf 94' lang='lat'>·</span> <span class='ocrx_word' id='word_1_168' title='bbox 275 2530 482 2599; x_wconf 80' lang='lat' dir='ltr'><strong>Dionysiorum</strong></span> <span class='ocrx_word' id='word_1_169' title='bbox 498 2533 627 2601; x_wconf 88' lang='lat' dir='ltr'><strong>sophistis</strong></span> <span class='ocrx_word' id='word_1_170' title='bbox 643 2532 883 2587; x_wconf 87' lang='lat' dir='ltr'><strong>communefuisse</strong></span> <span class='ocrx_word' id='word_1_171' title='bbox 898 2530 1029 2600; x_wconf 66' lang='lat' dir='ltr'><strong>tranatico</strong></span> <span class='ocrx_word' id='word_1_172' title='bbox 1047 2529 1159 2593; x_wconf 76' lang='grc' dir='ltr'><strong>παιδείας</strong></span> <span class='ocrx_word' id='word_1_173' title='bbox 1179 2532 1301 2586; x_wconf 90' lang='lat' dir='ltr'><strong>studium</strong></span> <span class='ocrx_word' id='word_1_174' title='bbox 1320 2532 1425 2589; x_wconf 82' lang='lat' dir='ltr'><strong>trustra</strong></span> <span class='ocrx_word' id='word_1_175' title='bbox 1443 2536 1500 2589; x_wconf 90' lang='lat' dir='ltr'><strong>sub-</strong></span> 
     </span>
     <span class='ocr_line' id='line_1_21' title="bbox 276 2623 1502 2694; baseline 0.002 -18"><span class='ocrx_word' id='word_1_176' title='bbox 276 2626 382 2678; x_wconf 88' lang='lat' dir='ltr'><strong>uertere</strong></span> <span class='ocrx_word' id='word_1_177' title='bbox 401 2626 517 2678; x_wconf 87' lang='lat' dir='ltr'><strong>conatur</strong></span> <span class='ocrx_word' id='word_1_178' title='bbox 534 2643 553 2692; x_wconf 91' lang='lat' dir='ltr'><strong>p</strong></span> <span class='ocrx_word' id='word_1_179' title='bbox 570 2623 698 2683; x_wconf 81' lang='lat'><strong>170-72.</strong></span> <span class='ocrx_word' id='word_1_180' title='bbox 728 2624 801 2691; x_wconf 92' lang='lat' dir='ltr'><strong>quod</strong></span> <span class='ocrx_word' id='word_1_181' title='bbox 815 2641 879 2678; x_wconf 92' lang='lat' dir='ltr'><strong>uero</strong></span> <span class='ocrx_word' id='word_1_182' title='bbox 894 2624 962 2679; x_wconf 92' lang='lat' dir='ltr'><strong>dicit</strong></span> <span class='ocrx_word' id='word_1_183' title='bbox 975 2641 1008 2678; x_wconf 86' lang='lat' dir='ltr'><strong>ex</strong></span> <span class='ocrx_word' id='word_1_184' title='bbox 1022 2641 1053 2678; x_wconf 91' lang='lat' dir='ltr'><strong>co</strong></span> <span class='ocrx_word' id='word_1_185' title='bbox 1068 2625 1141 2691; x_wconf 92' lang='lat' dir='ltr'><strong>quod</strong></span> <span class='ocrx_word' id='word_1_186' title='bbox 1154 2624 1251 2679; x_wconf 85' lang='lat' dir='ltr'><strong>Attica</strong></span> <span class='ocrx_word' id='word_1_187' title='bbox 1264 2625 1349 2678; x_wconf 88' lang='lat' dir='ltr'><strong>uerba</strong></span> <span class='ocrx_word' id='word_1_188' title='bbox 1364 2625 1502 2694; x_wconf 84' lang='lat' dir='ltr'><strong>sophistae</strong></span> 
     </span>
     <span class='ocr_line' id='line_1_22' title="bbox 275 2712 1504 2782; baseline 0.002 -16"><span class='ocrx_word' id='word_1_189' title='bbox 275 2712 492 2780; x_wconf 90' lang='lat' dir='ltr'><strong>conquisiuerint</strong></span> <span class='ocrx_word' id='word_1_190' title='bbox 506 2731 560 2767; x_wconf 90' lang='lat' dir='ltr'><strong>non</strong></span> <span class='ocrx_word' id='word_1_191' title='bbox 575 2712 700 2767; x_wconf 89' lang='lat' dir='ltr'><strong>concludi</strong></span> <span class='ocrx_word' id='word_1_192' title='bbox 713 2730 791 2782; x_wconf 88' lang='lat' dir='ltr'><strong>posse</strong></span> <span class='ocrx_word' id='word_1_193' title='bbox 805 2714 840 2767; x_wconf 92' lang='lat' dir='ltr'><strong>ab</strong></span> <span class='ocrx_word' id='word_1_194' title='bbox 854 2713 959 2767; x_wconf 84' lang='lat' dir='ltr'><strong>Asiana</strong></span> <span class='ocrx_word' id='word_1_195' title='bbox 978 2713 1102 2767; x_wconf 89' lang='lat' dir='ltr'><strong>oratione</strong></span> <span class='ocrx_word' id='word_1_196' title='bbox 1121 2716 1209 2768; x_wconf 88' lang='lat' dir='ltr'><strong>artem</strong></span> <span class='ocrx_word' id='word_1_197' title='bbox 1229 2713 1411 2782; x_wconf 87' lang='lat' dir='ltr'><strong>sophisticam</strong></span> <span class='ocrx_word' id='word_1_198' title='bbox 1423 2714 1504 2768; x_wconf 88' lang='lat' dir='ltr'><strong>fuisse</strong></span> 
     </span>
     <span class='ocr_line' id='line_1_23' title="bbox 276 2784 1505 2872; baseline 0.001 -17"><span class='ocrx_word' id='word_1_199' title='bbox 276 2784 409 2856; x_wconf 79' lang='lat' dir='ltr'><strong>alienam:</strong></span> <span class='ocrx_word' id='word_1_200' title='bbox 442 2820 539 2856; x_wconf 88' lang='lat' dir='ltr'><strong>uerum</strong></span> <span class='ocrx_word' id='word_1_201' title='bbox 561 2802 672 2871; x_wconf 84' lang='lat' dir='ltr'><strong>penitus</strong></span> <span class='ocrx_word' id='word_1_202' title='bbox 695 2803 863 2871; x_wconf 83' lang='lat' dir='ltr'><strong>perspexisse</strong></span> <span class='ocrx_word' id='word_1_203' title='bbox 887 2803 1026 2858; x_wconf 88' lang='lat' dir='ltr'><strong>Rohdium</strong></span> <span class='ocrx_word' id='word_1_204' title='bbox 1050 2804 1178 2872; x_wconf 89' lang='lat' dir='ltr'><strong>equidem</strong></span> <span class='ocrx_word' id='word_1_205' title='bbox 1203 2803 1401 2859; x_wconf 86' lang='lat' dir='ltr'><strong>contenderim.</strong></span> <span class='ocrx_word' id='word_1_206' title='bbox 1443 2821 1505 2857; x_wconf 91' lang='lat' dir='ltr'><strong>nam</strong></span> 
     </span>
     <span class='ocr_line' id='line_1_24' title="bbox 276 2891 1505 2962; baseline 0.001 -17"><span class='ocrx_word' id='word_1_207' title='bbox 276 2909 309 2945; x_wconf 84' lang='lat' dir='ltr'><strong>ex</strong></span> <span class='ocrx_word' id='word_1_208' title='bbox 332 2891 370 2946; x_wconf 89' lang='lat' dir='ltr'><strong>eis</strong></span> <span class='ocrx_word' id='word_1_209' title='bbox 395 2909 466 2959; x_wconf 90' lang='lat' dir='ltr'><strong>quae</strong></span> <span class='ocrx_word' id='word_1_210' title='bbox 490 2892 579 2945; x_wconf 84' lang='lat' dir='ltr'><strong>adfert</strong></span> <span class='ocrx_word' id='word_1_211' title='bbox 603 2910 621 2960; x_wconf 93' lang='lat' dir='ltr'><strong>p</strong></span> <span class='ocrx_word' id='word_1_212' title='bbox 642 2893 758 2946; x_wconf 75' lang='lat'><strong>173-75</strong></span> <span class='ocrx_word' id='word_1_213' title='bbox 786 2893 846 2947; x_wconf 90' lang='lat' dir='ltr'><strong>luce</strong></span> <span class='ocrx_word' id='word_1_214' title='bbox 874 2892 974 2946; x_wconf 90' lang='lat' dir='ltr'><strong>clarius</strong></span> <span class='ocrx_word' id='word_1_215' title='bbox 999 2896 1115 2962; x_wconf 89' lang='lat' dir='ltr'><strong>apparet</strong></span> <span class='ocrx_word' id='word_1_216' title='bbox 1144 2893 1189 2946; x_wconf 89' lang='lat' dir='ltr'><strong>uel</strong></span> <span class='ocrx_word' id='word_1_217' title='bbox 1217 2892 1240 2945; x_wconf 89' lang='lat' dir='ltr'><strong>si</strong></span> <span class='ocrx_word' id='word_1_218' title='bbox 1263 2892 1354 2960; x_wconf 87' lang='lat' dir='ltr'><strong>ipsam</strong></span> <span class='ocrx_word' id='word_1_219' title='bbox 1383 2893 1505 2948; x_wconf 85' lang='lat' dir='ltr'><strong>Atticam</strong></span> 
     </span>
     <span class='ocr_line' id='line_1_25' title="bbox 276 2980 1505 3050; baseline -0.001 -15"><span class='ocrx_word' id='word_1_220' title='bbox 276 2980 445 3035; x_wconf 87' lang='lat' dir='ltr'><strong>redoluerint</strong></span> <span class='ocrx_word' id='word_1_221' title='bbox 472 2981 657 3050; x_wconf 87' lang='lat' dir='ltr'><strong>sophistarum</strong></span> <span class='ocrx_word' id='word_1_222' title='bbox 689 2983 803 3047; x_wconf 88' lang='lat' dir='ltr'><strong>uerba,</strong></span> <span class='ocrx_word' id='word_1_223' title='bbox 836 2985 931 3036; x_wconf 90' lang='lat' dir='ltr'><strong>tamen</strong></span> <span class='ocrx_word' id='word_1_224' title='bbox 959 2982 1188 3036; x_wconf 88' lang='lat' dir='ltr'><strong>elocutionem</strong></span> <span class='ocrx_word' id='word_1_225' title='bbox 1221 2982 1317 3036; x_wconf 87' lang='lat' dir='ltr'><strong>multis</strong></span> <span class='ocrx_word' id='word_1_226' title='bbox 1349 2983 1505 3037; x_wconf 89' lang='lat' dir='ltr'><strong>nominibus</strong></span> 
     </span>
     <span class='ocr_line' id='line_1_26' title="bbox 276 3070 1503 3140; baseline 0.002 -17"><span class='ocrx_word' id='word_1_227' title='bbox 276 3070 395 3124; x_wconf 83' lang='lat' dir='ltr'><strong>Asianos</strong></span> <span class='ocrx_word' id='word_1_228' title='bbox 414 3070 498 3124; x_wconf 87' lang='lat' dir='ltr'><strong>fuisse</strong></span> <span class='ocrx_word' id='word_1_229' title='bbox 516 3070 698 3125; x_wconf 89' lang='lat' dir='ltr'><strong>simillimam.</strong></span> <span class='ocrx_word' id='word_1_230' title='bbox 735 3090 801 3126; x_wconf 89' lang='lat' dir='ltr'><strong>nam</strong></span> <span class='ocrx_word' id='word_1_231' title='bbox 820 3071 939 3126; x_wconf 88' lang='lat' dir='ltr'><strong>maxime</strong></span> <span class='ocrx_word' id='word_1_232' title='bbox 953 3071 1112 3126; x_wconf 89' lang='lat' dir='ltr'><strong>Kaibelium</strong></span> <span class='ocrx_word' id='word_1_233' title='bbox 1130 3071 1233 3140; x_wconf 84' lang='lat' dir='ltr'><strong>fugisse</strong></span> <span class='ocrx_word' id='word_1_234' title='bbox 1251 3071 1323 3125; x_wconf 88' lang='lat' dir='ltr'><strong>mihi</strong></span> <span class='ocrx_word' id='word_1_235' title='bbox 1341 3073 1461 3138; x_wconf 89' lang='lat' dir='ltr'><strong>uidetur,</strong></span> <span class='ocrx_word' id='word_1_236' title='bbox 1475 3101 1503 3111; x_wconf 95' lang='lat'><em>-</em></span> 
     </span>
     <span class='ocr_line' id='line_1_27' title="bbox 277 3159 1505 3233; baseline 0.003 -21"><span class='ocrx_word' id='word_1_237' title='bbox 277 3160 350 3227; x_wconf 92' lang='lat' dir='ltr'><strong>quod</strong></span> <span class='ocrx_word' id='word_1_238' title='bbox 372 3159 448 3213; x_wconf 90' lang='lat' dir='ltr'><strong>illius</strong></span> <span class='ocrx_word' id='word_1_239' title='bbox 472 3178 533 3214; x_wconf 91' lang='lat' dir='ltr'><strong>cum</strong></span> <span class='ocrx_word' id='word_1_240' title='bbox 557 3179 624 3229; x_wconf 89' lang='lat' dir='ltr'><strong>pace</strong></span> <span class='ocrx_word' id='word_1_241' title='bbox 646 3161 729 3216; x_wconf 88' lang='lat' dir='ltr'><strong>liceat</strong></span> <span class='ocrx_word' id='word_1_242' title='bbox 753 3162 849 3224; x_wconf 86' lang='lat' dir='ltr'><strong>dicere,</strong></span> <span class='ocrx_word' id='word_1_243' title='bbox 872 3190 900 3199; x_wconf 96' lang='lat'>—</span> <span class='ocrx_word' id='word_1_244' title='bbox 922 3161 995 3229; x_wconf 92' lang='lat' dir='ltr'><strong>quod</strong></span> <span class='ocrx_word' id='word_1_245' title='bbox 1017 3161 1095 3216; x_wconf 90' lang='lat' dir='ltr'><strong>aliud</strong></span> <span class='ocrx_word' id='word_1_246' title='bbox 1113 3164 1154 3215; x_wconf 89' lang='lat' dir='ltr'><strong>est</strong></span> <span class='ocrx_word' id='word_1_247' title='bbox 1173 3161 1277 3215; x_wconf 91' lang='lat' dir='ltr'><strong>uerba</strong></span> <span class='ocrx_word' id='word_1_248' title='bbox 1295 3165 1377 3217; x_wconf 89' lang='lat' dir='ltr'><strong>caute</strong></span> <span class='ocrx_word' id='word_1_249' title='bbox 1396 3163 1505 3233; x_wconf 85' lang='lat' dir='ltr'><strong>eligere,</strong></span> 
     </span>
     <span class='ocr_line' id='line_1_28' title="bbox 277 3249 1505 3322; baseline 0.004 -20"><span class='ocrx_word' id='word_1_250' title='bbox 277 3249 354 3302; x_wconf 91' lang='lat' dir='ltr'><strong>aliud</strong></span> <span class='ocrx_word' id='word_1_251' title='bbox 376 3253 485 3304; x_wconf 89' lang='lat' dir='ltr'><strong>totam</strong></span> <span class='ocrx_word' id='word_1_252' title='bbox 507 3251 697 3306; x_wconf 90' lang='lat' dir='ltr'><strong>orationem</strong></span> <span class='ocrx_word' id='word_1_253' title='bbox 715 3252 751 3305; x_wconf 90' lang='lat' dir='ltr'><strong>ad</strong></span> <span class='ocrx_word' id='word_1_254' title='bbox 769 3255 874 3306; x_wconf 88' lang='lat' dir='ltr'><strong>eertum</strong></span> <span class='ocrx_word' id='word_1_255' title='bbox 893 3252 1031 3319; x_wconf 88' lang='lat' dir='ltr'><strong>quendam</strong></span> <span class='ocrx_word' id='word_1_256' title='bbox 1050 3252 1192 3306; x_wconf 90' lang='lat' dir='ltr'><strong>modulum</strong></span> <span class='ocrx_word' id='word_1_257' title='bbox 1211 3251 1393 3308; x_wconf 88' lang='lat' dir='ltr'><strong>conformare:</strong></span> <span class='ocrx_word' id='word_1_258' title='bbox 1421 3273 1505 3322; x_wconf 85' lang='lat' dir='ltr'><strong>quan-</strong></span> 
     </span>
     <span class='ocr_line' id='line_1_29' title="bbox 277 3341 1505 3410; baseline 0.004 -19"><span class='ocrx_word' id='word_1_259' title='bbox 277 3356 362 3406; x_wconf 86' lang='lat' dir='ltr'><strong>quam</strong></span> <span class='ocrx_word' id='word_1_260' title='bbox 385 3356 481 3394; x_wconf 90' lang='lat' dir='ltr'><strong>uerum</strong></span> <span class='ocrx_word' id='word_1_261' title='bbox 501 3344 542 3394; x_wconf 91' lang='lat' dir='ltr'><strong>est</strong></span> <span class='ocrx_word' id='word_1_262' title='bbox 561 3341 698 3395; x_wconf 89' lang='lat' dir='ltr'><strong>delectum</strong></span> <span class='ocrx_word' id='word_1_263' title='bbox 720 3341 916 3395; x_wconf 85' lang='lat' dir='ltr'><strong>uocabulorum</strong></span> <span class='ocrx_word' id='word_1_264' title='bbox 941 3341 1077 3410; x_wconf 88' lang='lat' dir='ltr'><strong>pertinere</strong></span> <span class='ocrx_word' id='word_1_265' title='bbox 1096 3341 1132 3394; x_wconf 91' lang='lat' dir='ltr'><strong>ad</strong></span> <span class='ocrx_word' id='word_1_266' title='bbox 1150 3341 1357 3394; x_wconf 88' lang='lat' dir='ltr'><strong>elocutionis</strong></span> <span class='ocrx_word' id='word_1_267' title='bbox 1381 3343 1505 3398; x_wconf 86' lang='lat' dir='ltr'><strong>formam.</strong></span> 
     </span>
     <span class='ocr_line' id='line_1_30' title="bbox 278 3429 1507 3498; baseline 0.004 -17"><span class='ocrx_word' id='word_1_268' title='bbox 278 3445 354 3482; x_wconf 89' lang='lat' dir='ltr'><strong>sane:</strong></span> <span class='ocrx_word' id='word_1_269' title='bbox 375 3429 420 3482; x_wconf 89' lang='lat' dir='ltr'><strong>sed</strong></span> <span class='ocrx_word' id='word_1_270' title='bbox 439 3429 488 3483; x_wconf 93' lang='lat' dir='ltr'><strong>illo</strong></span> <span class='ocrx_word' id='word_1_271' title='bbox 508 3430 615 3484; x_wconf 85' lang='lat' dir='ltr'><strong>delectu</strong></span> <span class='ocrx_word' id='word_1_272' title='bbox 634 3430 708 3484; x_wconf 88' lang='lat' dir='ltr'><strong>facto</strong></span> <span class='ocrx_word' id='word_1_273' title='bbox 726 3430 831 3485; x_wconf 83' lang='lat' dir='ltr'><strong>frustra</strong></span> <span class='ocrx_word' id='word_1_274' title='bbox 849 3431 981 3485; x_wconf 88' lang='lat' dir='ltr'><strong>conabere</strong></span> <span class='ocrx_word' id='word_1_275' title='bbox 1001 3430 1122 3498; x_wconf 88' lang='lat' dir='ltr'><strong>adsequi,</strong></span> <span class='ocrx_word' id='word_1_276' title='bbox 1143 3433 1174 3483; x_wconf 90' lang='lat' dir='ltr'><strong>ut</strong></span> <span class='ocrx_word' id='word_1_277' title='bbox 1193 3447 1345 3484; x_wconf 89' lang='lat' dir='ltr'><strong>sermonem</strong></span> <span class='ocrx_word' id='word_1_278' title='bbox 1365 3432 1443 3486; x_wconf 89' lang='lat' dir='ltr'><strong>ouius</strong></span> <span class='ocrx_word' id='word_1_279' title='bbox 1458 3433 1507 3486; x_wconf 86' lang='lat' dir='ltr'><strong>illa</strong></span> 
     </span>
     <span class='ocr_line' id='line_1_31' title="bbox 279 3518 1505 3589; baseline 0.004 -19"><span class='ocrx_word' id='word_1_280' title='bbox 279 3520 344 3571; x_wconf 90' lang='lat' dir='ltr'><strong>sunt</strong></span> <span class='ocrx_word' id='word_1_281' title='bbox 373 3518 496 3573; x_wconf 91' lang='lat' dir='ltr'><strong>membra</strong></span> <span class='ocrx_word' id='word_1_282' title='bbox 523 3519 602 3587; x_wconf 90' lang='lat' dir='ltr'><strong>quasi</strong></span> <span class='ocrx_word' id='word_1_283' title='bbox 630 3518 745 3574; x_wconf 89' lang='lat' dir='ltr'><strong>disiecta</strong></span> <span class='ocrx_word' id='word_1_284' title='bbox 772 3523 822 3574; x_wconf 88' lang='lat' dir='ltr'><strong>tua</strong></span> <span class='ocrx_word' id='word_1_285' title='bbox 850 3520 938 3574; x_wconf 89' lang='lat' dir='ltr'><strong>oratio</strong></span> <span class='ocrx_word' id='word_1_286' title='bbox 966 3521 1052 3589; x_wconf 86' lang='lat' dir='ltr'><strong>spiret</strong></span> <span class='ocrx_word' id='word_1_287' title='bbox 1079 3523 1108 3574; x_wconf 88' lang='lat' dir='ltr'><strong>et</strong></span> <span class='ocrx_word' id='word_1_288' title='bbox 1134 3520 1266 3574; x_wconf 90' lang='lat' dir='ltr'><strong>redoleat.</strong></span> <span class='ocrx_word' id='word_1_289' title='bbox 1286 3548 1319 3556; x_wconf 96' lang='lat'><em>—</em></span> <span class='ocrx_word' id='word_1_290' title='bbox 1340 3519 1505 3575; x_wconf 86' lang='lat' dir='ltr'><strong>Asianorum</strong></span> 
     </span>
     <span class='ocr_line' id='line_1_32' title="bbox 278 3606 1507 3678; baseline 0.004 -19"><span class='ocrx_word' id='word_1_291' title='bbox 278 3606 436 3661; x_wconf 84' lang='lat' dir='ltr'><strong>facundiam</strong></span> <span class='ocrx_word' id='word_1_292' title='bbox 457 3627 474 3662; x_wconf 89' lang='lat' dir='ltr'><strong>a</strong></span> <span class='ocrx_word' id='word_1_293' title='bbox 492 3609 624 3678; x_wconf 84' lang='lat' dir='ltr'><strong>Dionysio</strong></span> <span class='ocrx_word' id='word_1_294' title='bbox 642 3627 793 3677; x_wconf 88' lang='lat' dir='ltr'><strong>repressam</strong></span> <span class='ocrx_word' id='word_1_295' title='bbox 811 3609 890 3664; x_wconf 89' lang='lat' dir='ltr'><strong>illam</strong></span> <span class='ocrx_word' id='word_1_296' title='bbox 909 3610 1021 3678; x_wconf 89' lang='lat' dir='ltr'><strong>quidem</strong></span> <span class='ocrx_word' id='word_1_297' title='bbox 1040 3612 1070 3663; x_wconf 87' lang='lat' dir='ltr'><strong>at</strong></span> <span class='ocrx_word' id='word_1_298' title='bbox 1093 3627 1151 3664; x_wconf 89' lang='lat' dir='ltr'><strong>non·</strong></span> <span class='ocrx_word' id='word_1_299' title='bbox 1171 3609 1310 3663; x_wconf 89' lang='lat' dir='ltr'><strong>deuictam</strong></span> <span class='ocrx_word' id='word_1_300' title='bbox 1334 3627 1399 3675; x_wconf 89' lang='lat' dir='ltr'><strong>esse,</strong></span> <span class='ocrx_word' id='word_1_301' title='bbox 1422 3611 1507 3664; x_wconf 91' lang='lat' dir='ltr'><strong>immo</strong></span> 
     </span>
     <span class='ocr_line' id='line_1_33' title="bbox 279 3696 1508 3768; baseline 0.002 -19"><span class='ocrx_word' id='word_1_302' title='bbox 279 3713 343 3750; x_wconf 91' lang='lat' dir='ltr'><strong>uero</strong></span> <span class='ocrx_word' id='word_1_303' title='bbox 362 3696 503 3752; x_wconf 78' lang='lat' dir='ltr'><strong>durauirse</strong></span> <span class='ocrx_word' id='word_1_304' title='bbox 521 3715 607 3766; x_wconf 87' lang='lat' dir='ltr'><strong>usque</strong></span> <span class='ocrx_word' id='word_1_305' title='bbox 631 3699 666 3752; x_wconf 91' lang='lat' dir='ltr'><strong>ad</strong></span> <span class='ocrx_word' id='word_1_306' title='bbox 684 3699 812 3753; x_wconf 89' lang='lat' dir='ltr'><strong>Nicetem</strong></span> <span class='ocrx_word' id='word_1_307' title='bbox 832 3717 849 3753; x_wconf 89' lang='lat' dir='ltr'><strong>a</strong></span> <span class='ocrx_word' id='word_1_308' title='bbox 868 3718 921 3768; x_wconf 89' lang='lat' dir='ltr'><strong>quo</strong></span> <span class='ocrx_word' id='word_1_309' title='bbox 933 3717 1043 3760; x_wconf 71' lang='lat' dir='ltr'><strong>¹nouum</strong></span> <span class='ocrx_word' id='word_1_310' title='bbox 1062 3700 1144 3754; x_wconf 86' lang='lat' dir='ltr'><strong>robur</strong></span> <span class='ocrx_word' id='word_1_311' title='bbox 1163 3699 1305 3768; x_wconf 87' lang='lat' dir='ltr'><strong>acceperit,</strong></span> <span class='ocrx_word' id='word_1_312' title='bbox 1325 3699 1434 3753; x_wconf 85' lang='lat' dir='ltr'><strong>Rohdio</strong></span> <span class='ocrx_word' id='word_1_313' title='bbox 1453 3718 1508 3754; x_wconf 89' lang='lat' dir='ltr'><strong>non</strong></span> 
     </span>
     <span class='ocr_line' id='line_1_34' title="bbox 278 3786 1508 3858; baseline 0.002 -19"><span class='ocrx_word' id='word_1_314' title='bbox 278 3786 454 3840; x_wconf 86' lang='lat' dir='ltr'><strong>concesserim</strong></span> <span class='ocrx_word' id='word_1_315' title='bbox 478 3787 517 3853; x_wconf 89' lang='lat' dir='ltr'><strong>(of</strong></span> <span class='ocrx_word' id='word_1_316' title='bbox 536 3787 617 3840; x_wconf 87' lang='lat' dir='ltr'><strong>illum</strong></span> <span class='ocrx_word' id='word_1_317' title='bbox 640 3789 650 3840; x_wconf 96' lang='lat' dir='ltr'><strong>l</strong></span> <span class='ocrx_word' id='word_1_318' title='bbox 669 3788 686 3841; x_wconf 92' lang='lat' dir='ltr'><strong>d</strong></span> <span class='ocrx_word' id='word_1_319' title='bbox 705 3806 724 3856; x_wconf 91' lang='lat' dir='ltr'><strong>p</strong></span> <span class='ocrx_word' id='word_1_320' title='bbox 747 3789 903 3856; x_wconf 71' lang='lat' dir='ltr'><strong>liti-183).</strong></span> <span class='ocrx_word' id='word_1_321' title='bbox 940 3788 1051 3842; x_wconf 91' lang='lat' dir='ltr'><strong>omnino</strong></span> <span class='ocrx_word' id='word_1_322' title='bbox 1074 3788 1200 3858; x_wconf 86' lang='lat' dir='ltr'><strong>ignoscat</strong></span> <span class='ocrx_word' id='word_1_323' title='bbox 1223 3788 1293 3840; x_wconf 90' lang='lat' dir='ltr'><strong>mihi</strong></span> <span class='ocrx_word' id='word_1_324' title='bbox 1320 3787 1370 3843; x_wconf 89' lang='lat' dir='ltr'><strong>ille</strong></span> <span class='ocrx_word' id='word_1_325' title='bbox 1392 3789 1508 3844; x_wconf 88' lang='lat' dir='ltr'><strong>audenti</strong></span> 
     </span>
     <span class='ocr_line' id='line_1_35' title="bbox 278 3876 1508 3946; baseline 0.004 -19"><span class='ocrx_word' id='word_1_326' title='bbox 278 3877 400 3943; x_wconf 88' lang='lat' dir='ltr'><strong>repetere</strong></span> <span class='ocrx_word' id='word_1_327' title='bbox 419 3893 490 3943; x_wconf 87' lang='lat' dir='ltr'><strong>quae</strong></span> <span class='ocrx_word' id='word_1_328' title='bbox 513 3876 596 3946; x_wconf 90' lang='lat' dir='ltr'><strong>paulo</strong></span> <span class='ocrx_word' id='word_1_329' title='bbox 615 3878 689 3943; x_wconf 90' lang='lat' dir='ltr'><strong>ante,</strong></span> <span class='ocrx_word' id='word_1_330' title='bbox 714 3878 769 3931; x_wconf 91' lang='lat' dir='ltr'><strong>adn</strong></span> <span class='ocrx_word' id='word_1_331' title='bbox 788 3879 854 3942; x_wconf 67' lang='lat'><strong>242,</strong></span> <span class='ocrx_word' id='word_1_332' title='bbox 874 3878 1010 3931; x_wconf 89' lang='lat' dir='ltr'><strong>dicebam:</strong></span> <span class='ocrx_word' id='word_1_333' title='bbox 1035 3876 1187 3931; x_wconf 89' lang='lat' dir='ltr'><strong>cauendum</strong></span> <span class='ocrx_word' id='word_1_334' title='bbox 1206 3876 1317 3930; x_wconf 87' lang='lat' dir='ltr'><strong>uidetur</strong></span> <span class='ocrx_word' id='word_1_335' title='bbox 1335 3894 1393 3932; x_wconf 88' lang='lat' dir='ltr'><strong>esse</strong></span> <span class='ocrx_word' id='word_1_336' title='bbox 1416 3879 1447 3932; x_wconf 91' lang='lat' dir='ltr'><strong>in</strong></span> <span class='ocrx_word' id='word_1_337' title='bbox 1465 3879 1508 3932; x_wconf 90' lang='lat' dir='ltr'><strong>his</strong></span> 
     </span>
     <span class='ocr_line' id='line_1_36' title="bbox 278 3964 1509 4037; baseline 0.005 -21"><span class='ocrx_word' id='word_1_338' title='bbox 278 3964 358 4017; x_wconf 90' lang='lat' dir='ltr'><strong>rebus</strong></span> <span class='ocrx_word' id='word_1_339' title='bbox 376 3964 542 4034; x_wconf 85' lang='lat' dir='ltr'><strong>indagandis</strong></span> <span class='ocrx_word' id='word_1_340' title='bbox 560 3983 595 4021; x_wconf 90' lang='lat' dir='ltr'><strong>ne</strong></span> <span class='ocrx_word' id='word_1_341' title='bbox 613 3966 791 4020; x_wconf 86' lang='lat' dir='ltr'><strong>informemus</strong></span> <span class='ocrx_word' id='word_1_342' title='bbox 810 3967 902 4020; x_wconf 90' lang='lat' dir='ltr'><strong>animo</strong></span> <span class='ocrx_word' id='word_1_343' title='bbox 917 3984 1018 4020; x_wconf 83' lang='lat' dir='ltr'><strong>nexum</strong></span> <span class='ocrx_word' id='word_1_344' title='bbox 1031 3984 1123 4019; x_wconf 89' lang='lat' dir='ltr'><strong>rerum</strong></span> <span class='ocrx_word' id='word_1_345' title='bbox 1137 3969 1166 4020; x_wconf 91' lang='lat' dir='ltr'><strong>et</strong></span> <span class='ocrx_word' id='word_1_346' title='bbox 1180 3969 1335 4034; x_wconf 90' lang='lat' dir='ltr'><strong>temporum</strong></span> <span class='ocrx_word' id='word_1_347' title='bbox 1355 3967 1404 4034; x_wconf 92' lang='lat' dir='ltr'><strong>qui</strong></span> <span class='ocrx_word' id='word_1_348' title='bbox 1418 3968 1509 4037; x_wconf 90' lang='lat' dir='ltr'><strong>primo</strong></span> 
     </span>
     <span class='ocr_line' id='line_1_37' title="bbox 279 4053 1509 4126; baseline 0.005 -20"><span class='ocrx_word' id='word_1_349' title='bbox 279 4053 378 4106; x_wconf 88' lang='lat' dir='ltr'><strong>obtutu</strong></span> <span class='ocrx_word' id='word_1_350' title='bbox 394 4055 535 4122; x_wconf 90' lang='lat' dir='ltr'><strong>splendore</strong></span> <span class='ocrx_word' id='word_1_351' title='bbox 547 4055 666 4122; x_wconf 90' lang='lat' dir='ltr'><strong>quodam</strong></span> <span class='ocrx_word' id='word_1_352' title='bbox 679 4073 728 4108; x_wconf 93' lang='lat' dir='ltr'><strong>nos</strong></span> <span class='ocrx_word' id='word_1_353' title='bbox 742 4055 865 4120; x_wconf 87' lang='lat' dir='ltr'><strong>adliciat,</strong></span> <span class='ocrx_word' id='word_1_354' title='bbox 881 4056 1012 4110; x_wconf 89' lang='lat' dir='ltr'><strong>acriorem</strong></span> <span class='ocrx_word' id='word_1_355' title='bbox 1026 4055 1164 4109; x_wconf 88' lang='lat' dir='ltr'><strong>trutinam</strong></span> <span class='ocrx_word' id='word_1_356' title='bbox 1178 4073 1233 4109; x_wconf 91' lang='lat' dir='ltr'><strong>non</strong></span> <span class='ocrx_word' id='word_1_357' title='bbox 1246 4055 1391 4110; x_wconf 85' lang='lat' dir='ltr'><strong>sustineat.</strong></span> <span class='ocrx_word' id='word_1_358' title='bbox 1411 4057 1509 4126; x_wconf 88' lang='lat' dir='ltr'><strong>itaque</strong></span> 
     </span>
     <span class='ocr_line' id='line_1_38' title="bbox 279 4143 1511 4213; baseline 0.005 -19"><span class='ocrx_word' id='word_1_359' title='bbox 279 4143 399 4195; x_wconf 87' lang='lat' dir='ltr'><strong>multum</strong></span> <span class='ocrx_word' id='word_1_360' title='bbox 413 4143 503 4196; x_wconf 86' lang='lat' dir='ltr'><strong>hercle</strong></span> <span class='ocrx_word' id='word_1_361' title='bbox 517 4145 595 4198; x_wconf 91' lang='lat' dir='ltr'><strong>abest</strong></span> <span class='ocrx_word' id='word_1_362' title='bbox 608 4147 640 4200; x_wconf 93' lang='lat' dir='ltr'><strong>ut</strong></span> <span class='ocrx_word' id='word_1_363' title='bbox 654 4146 823 4200; x_wconf 87' lang='lat' dir='ltr'><strong>subscribam</strong></span> <span class='ocrx_word' id='word_1_364' title='bbox 838 4145 911 4212; x_wconf 91' lang='lat' dir='ltr'><strong>quod</strong></span> <span class='ocrx_word' id='word_1_365' title='bbox 925 4145 992 4199; x_wconf 92' lang='lat' dir='ltr'><strong>dicit</strong></span> <span class='ocrx_word' id='word_1_366' title='bbox 1007 4146 1044 4198; x_wconf 92' lang='lat' dir='ltr'><strong>ld</strong></span> <span class='ocrx_word' id='word_1_367' title='bbox 1059 4163 1077 4213; x_wconf 93' lang='lat' dir='ltr'><strong>p</strong></span> <span class='ocrx_word' id='word_1_368' title='bbox 1089 4145 1152 4198; x_wconf 82' lang='lat'>190:</span> <span class='ocrx_word' id='word_1_369' title='bbox 1173 4143 1207 4198; x_wconf 82' lang='lat' dir='ltr'><strong>So</strong></span> <span class='ocrx_word' id='word_1_370' title='bbox 1226 4145 1301 4198; x_wconf 89' lang='lat' dir='ltr'><strong>steht</strong></span> <span class='ocrx_word' id='word_1_371' title='bbox 1320 4162 1349 4198; x_wconf 88' lang='lat' dir='ltr'><strong>er</strong></span> <span class='ocrx_word' id='word_1_372' title='bbox 1369 4145 1442 4200; x_wconf 87' lang='lat' dir='ltr'><strong>deun</strong></span> <span class='ocrx_word' id='word_1_373' title='bbox 1460 4166 1511 4202; x_wconf 88' lang='lat' dir='ltr'><strong>vor</strong></span> 
     </span>
     <span class='ocr_line' id='line_1_39' title="bbox 280 4230 1509 4303; baseline 0.005 -19"><span class='ocrx_word' id='word_1_374' title='bbox 280 4248 338 4294; x_wconf 89' lang='lat' dir='ltr'><strong>uns,</strong></span> <span class='ocrx_word' id='word_1_375' title='bbox 359 4230 406 4284; x_wconf 88' lang='lat' dir='ltr'><strong>der</strong></span> <span class='ocrx_word' id='word_1_376' title='bbox 424 4232 579 4303; x_wconf 80' lang='lat' dir='ltr'><strong>Sprdssling</strong></span> <span class='ocrx_word' id='word_1_377' title='bbox 597 4235 643 4288; x_wconf 90' lang='lat' dir='ltr'><strong>des</strong></span> <span class='ocrx_word' id='word_1_378' title='bbox 662 4234 840 4298; x_wconf 88' lang='lat' dir='ltr'><strong>Asianismus,</strong></span> <span class='ocrx_word' id='word_1_379' title='bbox 866 4233 910 4288; x_wconf 90' lang='lat' dir='ltr'><strong>die</strong></span> <span class='ocrx_word' id='word_1_380' title='bbox 929 4234 1024 4288; x_wconf 85' lang='lat' dir='ltr'><strong>aweite</strong></span> <span class='ocrx_word' id='word_1_381' title='bbox 1043 4233 1193 4302; x_wconf 85' lang='lat' dir='ltr'><strong>Sophistik,</strong></span> <span class='ocrx_word' id='word_1_382' title='bbox 1214 4232 1269 4287; x_wconf 85' lang='lat' dir='ltr'><strong>alle</strong></span> <span class='ocrx_word' id='word_1_383' title='bbox 1287 4233 1394 4302; x_wconf 84' lang='lat' dir='ltr'><strong>Spuren</strong></span> <span class='ocrx_word' id='word_1_384' title='bbox 1413 4239 1509 4290; x_wconf 75' lang='lat' dir='ltr'><strong>natur·</strong></span> 
     </span>
     <span class='ocr_line' id='line_1_40' title="bbox 279 4319 1511 4392; baseline 0.007 -20"><span class='ocrx_word' id='word_1_385' title='bbox 279 4319 366 4373; x_wconf 90' lang='lat' dir='ltr'><strong>lieher</strong></span> <span class='ocrx_word' id='word_1_386' title='bbox 384 4321 546 4391; x_wconf 82' lang='lat' dir='ltr'><strong>Vererbung</strong></span> <span class='ocrx_word' id='word_1_387' title='bbox 568 4323 607 4376; x_wconf 88' lang='lat' dir='ltr'><strong>im</strong></span> <span class='ocrx_word' id='word_1_388' title='bbox 627 4323 739 4378; x_wconf 80' lang='lat' dir='ltr'><strong>Gesicht</strong></span> <span class='ocrx_word' id='word_1_389' title='bbox 762 4322 887 4392; x_wconf 84' lang='lat' dir='ltr'><strong>tragend,</strong></span> <span class='ocrx_word' id='word_1_390' title='bbox 916 4328 959 4373; x_wconf 80' lang='grc' dir='ltr'><strong>τοῦ</strong></span> <span class='ocrx_word' id='word_1_391' title='bbox 982 4322 1074 4392; x_wconf 79' lang='grc' dir='ltr'>πατρὸς</span> <span class='ocrx_word' id='word_1_392' title='bbox 1097 4321 1124 4373; x_wconf 78' lang='grc' dir='ltr'><strong>τὸ</strong></span> <span class='ocrx_word' id='word_1_393' title='bbox 1147 4319 1250 4373; x_wconf 81' lang='grc' dir='ltr'><strong>παιδίον.</strong></span> <span class='ocrx_word' id='word_1_394' title='bbox 1288 4324 1394 4378; x_wconf 87' lang='lat' dir='ltr'><strong>etenim</strong></span> <span class='ocrx_word' id='word_1_395' title='bbox 1417 4325 1511 4381; x_wconf 87' lang='lat' dir='ltr'><strong>iurare</strong></span> 
     </span>
     <span class='ocr_line' id='line_1_41' title="bbox 279 4409 1510 4484; baseline 0.007 -23"><span class='ocrx_word' id='word_1_396' title='bbox 279 4409 309 4462; x_wconf 92' lang='lat' dir='ltr'><strong>in</strong></span> <span class='ocrx_word' id='word_1_397' title='bbox 321 4410 406 4462; x_wconf 89' lang='lat' dir='ltr'><strong>uerba</strong></span> <span class='ocrx_word' id='word_1_398' title='bbox 424 4411 551 4479; x_wconf 86' lang='lat' dir='ltr'><strong>magistri</strong></span> <span class='ocrx_word' id='word_1_399' title='bbox 565 4430 628 4465; x_wconf 90' lang='lat' dir='ltr'><strong>non</strong></span> <span class='ocrx_word' id='word_1_400' title='bbox 647 4430 756 4481; x_wconf 88' lang='lat' dir='ltr'><strong>possum</strong></span> <span class='ocrx_word' id='word_1_401' title='bbox 776 4412 921 4466; x_wconf 88' lang='lat' dir='ltr'><strong>alterius</strong></span> <span class='ocrx_word' id='word_1_402' title='bbox 941 4411 1059 4465; x_wconf 88' lang='lat' dir='ltr'><strong>utrius.</strong></span> <span class='ocrx_word' id='word_1_403' title='bbox 1079 4412 1112 4466; x_wconf 88' lang='lat' dir='ltr'><strong>de</strong></span> <span class='ocrx_word' id='word_1_404' title='bbox 1130 4413 1316 4481; x_wconf 89' lang='lat' dir='ltr'><strong>sophistarum</strong></span> <span class='ocrx_word' id='word_1_405' title='bbox 1336 4417 1396 4468; x_wconf 84' lang='lat' dir='ltr'><strong>arte</strong></span> <span class='ocrx_word' id='word_1_406' title='bbox 1410 4432 1510 4484; x_wconf 86' lang='lat' dir='ltr'><strong>pauca,</strong></span> 
     </span>
     <span class='ocr_line' id='line_1_42' title="bbox 280 4498 1512 4574; baseline 0.007 -22"><span class='ocrx_word' id='word_1_407' title='bbox 280 4499 328 4552; x_wconf 87' lang='lat' dir='ltr'><strong>sed</strong></span> <span class='ocrx_word' id='word_1_408' title='bbox 358 4498 511 4552; x_wconf 87' lang='lat' dir='ltr'><strong>rectissima</strong></span> <span class='ocrx_word' id='word_1_409' title='bbox 542 4500 610 4554; x_wconf 91' lang='lat' dir='ltr'><strong>dicit</strong></span> <span class='ocrx_word' id='word_1_410' title='bbox 637 4500 920 4554; x_wconf 89' lang='lat' dir='ltr'><strong>Wilamowitzius</strong></span> <span class='ocrx_word' id='word_1_411' title='bbox 952 4501 982 4553; x_wconf 92' lang='lat' dir='ltr'><strong>in</strong></span> <span class='ocrx_word' id='word_1_412' title='bbox 1013 4501 1083 4555; x_wconf 91' lang='lat' dir='ltr'><strong>libro</strong></span> <span class='ocrx_word' id='word_1_413' title='bbox 1116 4502 1164 4569; x_wconf 90' lang='lat' dir='ltr'><strong>qui</strong></span> <span class='ocrx_word' id='word_1_414' title='bbox 1192 4505 1233 4556; x_wconf 88' lang='lat' dir='ltr'><strong>est</strong></span> <span class='ocrx_word' id='word_1_415' title='bbox 1266 4502 1303 4556; x_wconf 92' lang='lat' dir='ltr'><strong>de</strong></span> <span class='ocrx_word' id='word_1_416' title='bbox 1335 4503 1512 4574; x_wconf 84' lang='lat' dir='ltr'><strong>Antigono</strong></span> 
     </span>
     <span class='ocr_line' id='line_1_43' title="bbox 281 4587 1511 4664; baseline 0.007 -22"><span class='ocrx_word' id='word_1_417' title='bbox 281 4587 440 4656; x_wconf 79' lang='lat' dir='ltr'><strong>Carystio</strong></span> <span class='ocrx_word' id='word_1_418' title='bbox 459 4587 617 4642; x_wconf 89' lang='lat' dir='ltr'><strong>doctissimo</strong></span> <span class='ocrx_word' id='word_1_419' title='bbox 635 4608 653 4657; x_wconf 93' lang='lat' dir='ltr'><strong>p</strong></span> <span class='ocrx_word' id='word_1_420' title='bbox 675 4589 724 4641; x_wconf 80' lang='lat'><strong>173</strong></span> <span class='ocrx_word' id='word_1_421' title='bbox 743 4591 788 4656; x_wconf 91' lang='lat'><strong>(=</strong></span> <span class='ocrx_word' id='word_1_422' title='bbox 810 4589 901 4644; x_wconf 90' lang='lat' dir='ltr'><strong>Philol</strong></span> <span class='ocrx_word' id='word_1_423' title='bbox 920 4591 1176 4662; x_wconf 85' lang='lat' dir='ltr'><strong>Untersuchungen,</strong></span> <span class='ocrx_word' id='word_1_424' title='bbox 1200 4591 1267 4649; x_wconf 87' lang='lat' dir='ltr'><strong>Heft</strong></span> <span class='ocrx_word' id='word_1_425' title='bbox 1284 4591 1325 4660; x_wconf 69' lang='lat' dir='ltr'><strong>dt:</strong></span> <span class='ocrx_word' id='word_1_426' title='bbox 1350 4611 1423 4664; x_wconf 89' lang='lat' dir='ltr'><strong>quae</strong></span> <span class='ocrx_word' id='word_1_427' title='bbox 1446 4613 1511 4651; x_wconf 90' lang='lat' dir='ltr'><strong>cou-</strong></span> 
     </span>
     <span class='ocr_line' id='line_1_44' title="bbox 279 4677 462 4734; baseline 0.005 -2"><span class='ocrx_word' id='word_1_428' title='bbox 279 4677 350 4734; x_wconf 86' lang='lat' dir='ltr'><strong>feras</strong></span> <span class='ocrx_word' id='word_1_429' title='bbox 370 4677 462 4733; x_wconf 85' lang='lat' dir='ltr'><strong>uelim.</strong></span> 
     </span>
    </p>
   </div>
   <div class='ocr_carea' id='block_1_5' title="bbox 0 0 1647 5012">
    <p class='ocr_par' dir='ltr' id='par_1_5' title="bbox 0 0 1647 5012">
     <span class='ocr_line' id='line_1_45' title="bbox 0 0 1647 5012; baseline 0 0"><span class='ocrx_word' id='word_1_430' title='bbox 0 0 1647 5012; x_wconf 95' lang='lat' dir='ltr'><strong> </strong></span> 
     </span>
    </p>
   </div>
  </div>
 </body>
</html>
