3250 5016
768 1176 896 1286 Caput
927 1177 995 1262 IV.

546 1329 597 1394 Do
621 1329 803 1412 corruptis
826 1328 938 1410 dequo
962 1329 1013 1394 eis
1037 1329 1222 1412 oppositis.

360 1472 579 1550 Quintilianus
593 1474 774 1558 ubicunque
794 1472 835 1539 de
851 1474 1009 1558 corruptis
1024 1474 1124 1540 uerba
1138 1473 1218 1538 facit
1232 1474 1265 1537 in
1285 1474 1499 1558 Institutione,

270 1583 317 1646 ita
341 1583 374 1645 in
398 1581 472 1646 illos
496 1581 665 1666 inuehitur,
690 1581 784 1664 quasi
808 1588 917 1647 essent
940 1601 1060 1664 magna
1084 1587 1117 1646 et
1140 1587 1236 1648 uasta
1259 1580 1441 1664 multitudo,
1465 1581 1498 1644 in

271 1709 335 1771 qua
359 1688 505 1772 singulos
529 1708 660 1754 cernere
685 1695 717 1753 et
740 1687 941 1771 distinguere
956 1695 1012 1753 aut
1035 1688 1183 1771 nequiret
1198 1693 1255 1752 aut
1269 1687 1378 1752 nollet.
1407 1688 1500 1770 fingit

271 1796 342 1879 sibi,
365 1801 401 1860 ut
423 1796 470 1859 ita
495 1794 614 1880 dicam,
647 1815 719 1860 eam
752 1794 1013 1862 aduersariorum
1037 1796 1148 1880 aciem,
1182 1815 1265 1878 quae
1299 1795 1498 1878 singulorum

270 1904 389 1968 uirtute
422 1901 501 1966 nihil
535 1902 658 1986 ualeat,
689 1903 859 1987 plurimum
891 1904 976 1969 mole
1010 1910 1042 1969 et
1065 1923 1205 1968 numero.
1265 1903 1312 1967 ita
1349 1903 1499 1966 nimirum

271 2009 448 2075 faciliorem
473 2009 534 2074 sibi
561 2010 692 2094 parauit
718 2011 876 2075 rationem
903 2011 977 2076 illos
1010 2009 1226 2093 adgrediendi
1259 2015 1291 2076 et
1324 2009 1502 2092 refutandi,

271 2137 366 2200 quarn
390 2117 417 2182 si
442 2137 498 2182 eos
522 2118 576 2200 qui
599 2124 729 2202 praeter
752 2124 878 2184 ceteros
901 2119 935 2182 in
963 2119 1071 2184 oribus
1100 2119 1311 2200 manibusque
1334 2117 1501 2182 hominum

271 2230 380 2290 essent
409 2223 672 2309 reprehendisset
701 2231 733 2290 et
756 2226 850 2308 quasi
875 2224 973 2291 duces
998 2232 1030 2290 ct
1051 2231 1310 2310 propugnatores
1340 2223 1382 2289 ad
1406 2245 1502 2309 proe-

270 2330 348 2396 lium
385 2331 550 2414 singulare
588 2338 807 2417 prouocasset.
857 2333 950 2398 nobis
983 2339 1091 2398 tamen
1119 2351 1218 2414 aegre
1251 2338 1301 2397 est
1324 2330 1502 2416 ferendum,

271 2438 357 2521 quod
390 2459 455 2503 non
487 2441 688 2504 enumeuauit
715 2460 772 2505 eos
801 2440 856 2523 qui
887 2441 1028 2525 corrupti
1065 2459 1138 2506 esse
1172 2439 1202 2504 ei
1237 2445 1312 2504 sunt
1347 2438 1421 2505 uisi.
1468 2445 1503 2504 et

271 2547 355 2610 enim
378 2545 486 2611 hercle
509 2566 573 2611 non
589 2548 670 2612 satis
683 2547 839 2614 habemus
864 2547 946 2612 scire
968 2553 1079 2631 partes
1100 2547 1163 2612 sibi
1187 2546 1355 2630 oppositas
1376 2547 1502 2610 exsti-

270 2654 298 2717 ti
308 2673 371 2718 sse
394 2653 427 2717 in
450 2653 611 2718 rhetorica
625 2655 780 2738 Romana,
796 2660 1016 2738 corruptorum
1030 2655 1174 2738 alteram,
1189 2653 1325 2718 alteram
1341 2672 1503 2736 sanorum,

271 2759 329 2826 sed
361 2759 395 2824 id
428 2761 568 2845 agimus,
600 2768 636 2825 ut
667 2760 845 2826 homines
868 2767 996 2826 certos
1020 2761 1255 2844 utrique'parti
1279 2758 1501 2842 adsignemus.

270 2867 335 2931 alio
360 2868 444 2932 enim
465 2866 561 2932 modo
585 2867 655 2933 fieri
678 2887 741 2932 non
764 2875 890 2953 potest,
913 2875 948 2933 ut
972 2875 1077 2934 status
1106 2873 1137 2933 et
1161 2866 1308 2932 condicio
1337 2867 1503 2933 oratoriae

273 2975 353 3039 artis
378 2974 484 3056 qualis
508 2980 583 3038 tunc
606 2974 702 3040 fuerit
725 2975 758 3038 in
782 2975 903 3040 claram
926 2983 1060 3042 uocetur
1082 2976 1187 3040 lucem
1209 2981 1308 3057 utque
1332 2981 1503 3061 appareat,

273 3081 351 3163 quid
374 3081 455 3145 libro
480 3063 653 3146 decausis
678 3081 822 3147 effecerit
845 3081 1074 3159 Quintilianus.
1103 3080 1229 3146 accedit
1243 3081 1391 3146 alterum.
1416 3103 1503 3165 quae
1610 3107 1612 3110 ·

271 3188 314 3251 sit
337 3186 541 3271 eloquentiae
566 3193 735 3273 corruptae
758 3194 883 3272 natura,
899 3209 940 3254 ex
963 3190 1050 3254 illius
1069 3189 1177 3254 uerbis
1192 3187 1414 3270 intellegimus
1431 3189 1500 3271 qui-

271 3294 356 3378 dem,
394 3295 451 3360 sed
489 3295 536 3360 ita
568 3301 704 3379 tantum,
741 3301 775 3360 ut
818 3296 888 3361 eius
924 3297 1086 3360 notionem
1125 3302 1232 3360 mente
1270 3295 1501 3379 percipiamus.

270 3402 401 3467 multum
426 3403 528 3486 abest,
551 3410 587 3468 ut
610 3404 795 3486 sentiamus,
819 3423 903 3485 quae
928 3404 970 3468 sit
992 3403 1058 3467 illa.
1105 3401 1196 3467 cuius
1217 3399 1346 3484 quidem
1366 3407 1403 3465 ut
1421 3403 1502 3466 ima-

271 3510 378 3591 ginem
402 3511 495 3592 quasi
519 3511 694 3594 spirantem
717 3516 996 3594 repraesentemus
1019 3510 1121 3594 nobis,
1146 3529 1228 3593 opus
1252 3513 1302 3573 est
1325 3528 1389 3572 uno
1411 3509 1502 3574 dum-

270 3622 363 3680 taxat
395 3617 550 3700 scriptore
584 3611 680 3698 quem'
710 3617 920 3700 inspicientes
952 3623 1120 3681 teneamus
1153 3615 1235 3680 uitia
1269 3621 1501 3699 corruptorum.

270 3723 439 3789 uideamus
472 3723 584 3806 igitur,
618 3722 752 3788 numid
776 3722 863 3805 quod
887 3721 1107 3788 desideremus
1131 3722 1224 3786 nobis
1240 3721 1503 3788 subministretur

272 3829 342 3894 siue
360 3829 488 3894 indiciis
504 3850 524 3894 a
538 3831 641 3895 Fabio
658 3830 754 3896 factis
770 3831 840 3896 siue
854 3831 1009 3896 memoria
1022 3830 1202 3895 litterarum
1218 3830 1287 3895 siue
1304 3827 1441 3911 utraque
1455 3848 1501 3894 re.

366 3956 400 4034 1)
424 3953 530 4037 Atque
554 3956 582 4020 si
605 3955 702 4020 finem
724 3956 756 4018 X
782 3958 798 4020 1
824 3955 1028 4040 inspicimus,
1057 3956 1151 4037 quasi
1183 3954 1285 4038 digito
1317 3961 1501 4020 monstrare

272 4067 379 4125 orator
401 4061 530 4126 uidetur
553 4083 649 4127 unum
674 4083 714 4126 ex
738 4063 905 4147 corruptis,
931 4069 963 4128 et
987 4083 1058 4128 eum
1080 4062 1134 4127 uel
1153 4063 1293 4128 maxime
1316 4062 1400 4127 inter
1423 4061 1501 4128 illos

271 4169 437 4251 insignem.
491 4169 638 4236 Seneca
673 4177 723 4236 est
754 4169 976 4255 philosophus.
1031 4169 1073 4236 de
1110 4190 1172 4253 quo
1211 4190 1295 4252 quae
1332 4169 1388 4233 illo
1426 4171 1500 4234 loco

271 4279 312 4356 ἐξ
342 4278 516 4343 125-131
541 4278 692 4360 leguntur
725 4277 974 4360 diligentissime
1009 4283 1083 4342 sunt
1114 4275 1368 4362 interpretanda.
1428 4283 1501 4342 tota

271 4389 378 4448 autem
402 4383 577 4468 explicatio
601 4385 647 4448 ita
670 4384 860 4467 instituitur,
889 4390 924 4448 ut
953 4382 1172 4460 Quintilianus
1200 4383 1350 4449 uideatur
1378 4403 1415 4448 66
1443 4384 1500 4449 de-

271 4488 403 4554 fendere
427 4496 538 4555 contra
561 4489 635 4555 illos
660 4491 714 4572 qui
739 4511 796 4556 suo
820 4490 940 4554 iudicio
964 4490 1055 4555 illurn
1083 4490 1289 4556 condemnari
1318 4491 1499 4574 opinentur.

270 4597 354 4662 hanc
369 4597 552 4682 opinionem
567 4596 686 4662 falsam
703 4617 777 4662 esse
792 4596 950 4683 adfirmat,
975 4597 1034 4662 sed
1056 4598 1129 4681 ipso
1143 4597 1293 4681 negando
1309 4598 1501 4684 comprobat
