3250 5016
742 341 784 402 23

239 514 398 591 Quoniam
421 515 569 600 uidimus,
593 515 700 600 qualis
725 536 764 582 ea
780 522 868 582 esset
882 513 1068 598 eloquentia
1083 534 1180 597 quam
1194 519 1376 598 corruptam

148 643 222 688 esse
238 622 455 699 Quintilianus
478 629 619 708 putaret,
643 644 707 688 non
730 623 789 689 abs
813 645 847 688 re
877 622 1039 687 uidebitur
1062 641 1135 686 esse
1159 619 1374 706 considerare,

148 750 245 814 quarn
269 730 440 795 facundiae
470 730 604 795 formam
638 738 670 796 et
702 730 843 815 speciem
876 730 947 815 ipse
980 729 1085 793 animo
1119 727 1375 793 conformauerit.

147 838 215 902 fere
230 837 273 921 fit,
297 843 332 902 ut
348 838 568 903 Ciceronem
584 838 753 923 opinentur
771 857 884 902 unum
899 836 961 902 sibi
984 833 1175 899 imitandum
1195 834 1284 899 illum
1302 855 1374 919 pro-

145 944 305 1029 posuisse.
344 951 378 1008 ut
392 945 516 1010 Bernb
525 945 668 1028 ardyus
692 944 739 1009 ait
753 944 918 1010 Historiae
932 942 1127 1008 Litterarum
1140 941 1374 1006 Romanarum⁵

145 1051 179 1116 in
207 1073 228 1135 p
257 1053 319 1117 857
351 1071 366 1116 s
390 1051 416 1115 f:
463 1053 524 1117 Die
547 1052 681 1117 Meister
710 1051 767 1117 der
795 1050 964 1116 Attischen
987 1048 1236 1114 Beredsamkeit
1261 1047 1373 1115 hatten

144 1158 201 1223 ibn
224 1159 344 1224 seltner
368 1159 418 1224 als
442 1158 495 1224 die
518 1160 635 1224 Romer
657 1159 855 1241 beschaftigt
878 1195 922 1206 -
944 1178 997 1224 res
1026 1164 1112 1223 certe
1139 1177 1204 1220 non
1231 1155 1312 1219 mira
1340 1155 1373 1220 in

143 1266 262 1330 Latino
287 1268 429 1332 oratore!
459 1304 502 1313 -
526 1265 592 1331 und
615 1266 696 1331 noch
720 1267 864 1350 weniger
894 1265 964 1331 sein
991 1264 1095 1331 Urteil
1118 1263 1295 1346 bestimmt3
1319 1284 1372 1328 um

145 1393 181 1440 so
206 1373 295 1438 mehr
318 1395 387 1438 war
411 1394 446 1438 er
465 1374 598 1457 geneigt
621 1373 684 1439 den
704 1373 813 1459 Gipfel
837 1373 895 1439 der
908 1373 1016 1438 Kunst
1035 1370 1102 1437 und
1124 1369 1282 1454 Inbegriff
1292 1371 1373 1436 aller

145 1480 375 1546 rednerischen
398 1481 536 1564 Tugend
561 1481 712 1564 einseitig
735 1480 768 1545 in
794 1480 905 1546 Cicero
940 1500 978 1545 zu
1012 1478 1119 1544 seben.
1170 1499 1230 1544 neo
1257 1479 1371 1561 negari

80 1606 83 1612 ·
143 1594 252 1671 potest
265 1588 430 1672 palmam
445 1587 585 1652 adhunc
600 1587 718 1654 deferri
729 1608 800 1652 cum
813 1587 923 1652 multis
940 1585 1014 1652 aliis
1034 1586 1114 1652 locis
1129 1592 1196 1651 turn
1208 1586 1240 1649 X
1254 1591 1279 1670 l,
1299 1589 1370 1671 112,

143 1695 197 1759 ubi
213 1695 294 1760 haec
309 1701 452 1760 exstant:
470 1694 582 1760 Cicero
592 1694 657 1759 iam
667 1694 878 1759 nonhominis
888 1714 1004 1760 nornen
1019 1693 1076 1758 sed
1087 1692 1300 1778 eloquentiae,
1311 1743 1318 1758 .
1328 1744 1335 1758 .
1346 1745 1370 1760 ..

142 1802 226 1866 bunc
249 1802 348 1884 igitur
371 1801 648 1887 spectemus'boc
670 1802 870 1886 propositum
899 1801 993 1867 nobis
1023 1801 1066 1866 sit
1093 1800 1286 1885 exemplum,
1314 1801 1370 1867 ille

143 1930 178 1975 sc
202 1908 381 1994 profecisse
405 1909 489 1976 sciat
512 1910 563 1974 cui
589 1909 701 1974 Cicero
724 1908 822 1974 ualde
845 1908 995 1993 placebit.
1010 1947 1053 1956 -
1075 1914 1110 1971 at
1132 1907 1262 1973 minime
1286 1907 1369 1973 arbi·

141 2023 245 2082 tratur
267 2016 389 2082 Fabius
413 2037 524 2081 unum
547 2016 649 2081 fuisse
665 2015 851 2081 Ciceronem
875 2037 895 2080 a
919 2035 981 2099 quo
996 2036 1107 2080 uerum
1122 2014 1250 2080 dicendi
1266 2036 1369 2099 genus

141 2123 250 2188 fictum
273 2123 477 2208 posterisque
501 2123 647 2189 relictum
672 2123 715 2188 sit
737 2122 1005 2209 amplectendum.
1028 2121 1247 2208 paragraphis
1261 2123 1367 2207 proxi·

141 2231 201 2296 mis
225 2229 377 2296 laudibus
401 2230 487 2295 illius
512 2231 716 2295 multorum
739 2230 854 2296 laudes
879 2229 1049 2296 adduntur.
1087 2250 1127 2294 ex
1141 2229 1192 2294 his
1208 2228 1368 2294 delectum

141 2336 220 2402 facit
235 2338 267 2401 X
284 2342 312 2422 2,
328 2339 370 2404 25
385 2337 447 2401 ita:
464 2337 543 2420 quid
558 2345 689 2402 noceret
703 2338 768 2402 uim
784 2337 982 2421 Caesaris,
1002 2336 1212 2421 asperitatem
1228 2335 1366 2422 Caelii,

140 2444 344 2528 diligentiam
371 2444 576 2528 Pollionis,
605 2444 757 2510 iudicium
786 2445 897 2510 Calui
925 2442 1119 2528 quibusdam
1146 2443 1180 2509 in
1204 2443 1285 2510 locis
1310 2443 1366 2508 ad-

139 2553 287 2617 sumere?
325 2551 481 2636 uidemus,
500 2559 535 2616 ut
554 2551 773 2629 Quintilianus
787 2573 884 2617 unum
904 2551 1091 2616 Ciceronem
1106 2550 1294 2616 imitandum
1309 2573 1366 2637 pu-

139 2666 236 2743 taret,
261 2665 393 2751 tantum,
418 2657 559 2743 afuisse,
591 2666 626 2724 ut
660 2679 880 2742 quaecumque
913 2658 946 2723 in
978 2657 1052 2723 aliis
1077 2658 1222 2725 eiusdem
1247 2659 1365 2726 aetatis

138 2766 349 2851 scriptoribus
365 2765 544 2831 laudabilia
558 2773 667 2832 essent
686 2764 893 2848 adsectandaf
907 2765 1153 2834 commendaret.
1177 2766 1263 2853 quid,
1279 2767 1365 2852 quod

138 2873 238 2939 etiarn
261 2873 344 2937 ultra
368 2873 427 2939 hos
450 2873 532 2938 fines
554 2873 723 2959 procedit?
748 2873 909 2957 quaedam
932 2874 966 2938 in
989 2874 1135 2941 oratione
1157 2875 1313 2942 innouare
1333 2882 1365 2942 et

137 2980 183 3044 ita
206 2980 325 3046 iudicio
350 2981 573 3063 uoluntatique
598 2981 717 3047 aetatis
742 2980 866 3064 aliquid
889 2981 1066 3048 concedere
1089 3001 1153 3046 non
1176 2989 1280 3069 uetat,
1305 2983 1363 3050 sed

136 3088 301 3172 permittit.
352 3088 438 3170 quod
460 3093 553 3172 patet
577 3108 617 3152 ex
631 3088 695 3153 XII
721 3091 770 3174 10,
790 3092 832 3154 46
858 3108 926 3173 sqq,
950 3088 1004 3154 ubi
1027 3089 1109 3155 haec
1131 3091 1294 3174 leguntur:
1319 3091 1363 3156 ad

137 3196 227 3261 cuius
246 3192 366 3282 [Tullii]
391 3195 593 3280 uoluptatem
616 3193 696 3259 nihil
712 3195 862 3279 equidem
886 3195 973 3279 quod
996 3196 1075 3261 addi
1098 3197 1203 3282 possit
1223 3198 1361 3285 inuenio,

136 3301 198 3367 nisi
221 3308 257 3366 ut
280 3322 418 3368 sensus
435 3322 494 3367 nos
513 3301 659 3369 dicamus
674 3303 783 3388 plures
807 3354 883 3371 ....
908 3307 939 3384 (ξ
963 3302 1019 3389 48)
1044 3310 1184 3369 ceterum
1198 3305 1259 3370 boc
1275 3307 1362 3390 quod

135 3410 233 3492 uulgo
258 3409 479 3496 sjententias
503 3429 665 3495 necamus,
690 3409 776 3494 quod
796 3411 1211 3501 ueteribuspraecipueque
1226 3412 1361 3480 Craecis

134 3516 168 3580 in
190 3537 251 3581 usu
283 3515 430 3581 nonfuit
462 3516 564 3602 (apud
598 3517 785 3582 Ciceronem
814 3517 898 3582 enim
920 3517 1073 3603 inuenio),
1098 3516 1173 3582 dum
1196 3540 1264 3585 rem
1287 3541 1360 3586 con-

134 3623 259 3689 tineant
282 3629 314 3688 et
338 3623 433 3708 copia
460 3643 525 3688 non
547 3622 728 3690 redundent
761 3631 792 3690 et
824 3624 868 3690 ad
899 3623 1067 3690 uictoriam
1101 3633 1255 3711 spectent,
1288 3628 1360 3710 quis

134 3731 212 3796 utile
227 3731 348 3816 neget?
373 3737 469 3797 caute
482 3737 589 3796 tamen
604 3731 637 3795 in
651 3731 802 3796 nouando
818 3730 1013 3798 uersandum
1028 3752 1101 3798 esse
1126 3732 1279 3801 discimus
1302 3736 1314 3799 l
1338 3735 1360 3800 d

134 3841 220 3923 §db
244 3837 300 3902 ubi
317 3837 399 3903 haec
418 3838 510 3903 dicit:
536 3837 595 3905 sed
618 3861 669 3905 me
696 3840 853 3906 hactenus
873 3839 1040 3905 cedentem
1058 3862 1151 3907 nemo
1171 3841 1360 3926 insequatur

133 3944 225 4012 ultro.
260 3945 301 4009 do
316 3945 461 4030 tempori,
482 3967 522 4012 ne
538 3946 623 4010 hirta
638 3954 716 4030 toga
733 3945 782 4035 (cf
791 3969 813 4032 p
829 3950 872 4013 20
887 3945 952 4012 adn
969 3949 1022 4030 13)
1043 3947 1093 4034 sit,
1116 3969 1181 4014 non
1195 3957 1230 4014 ut
1245 3951 1358 4037 serica,

132 4072 172 4117 ne
195 4052 358 4117 intonsum
382 4060 488 4138 caput,
511 4073 576 4118 non
598 4060 634 4119 ut
657 4054 690 4118 in
713 4053 835 4137 gradus
859 4061 956 4138 atque
978 4055 1093 4122 anulos
1122 4064 1291 4141 comptum.
1315 4096 1357 4106 -

131 4159 299 4224 moderato
323 4159 422 4243 igitur
444 4159 564 4224 iudicio
588 4167 621 4225 et
644 4160 685 4227 de
708 4161 824 4228 ceteris
849 4161 1081 4229 Ciceronianae
1102 4163 1222 4229 aetatis
1252 4171 1284 4230 et
1316 4165 1357 4232 de

132 4265 180 4332 eis
208 4267 264 4350 qui
292 4273 367 4351 post
395 4287 467 4332 eum
490 4267 617 4333 fuerunt
645 4289 813 4336 censuram
841 4268 929 4335 facit.
977 4289 1113 4352 quocum
1136 4273 1293 4357 conuenit,
1322 4279 1357 4339 ut

130 4372 166 4437 id
193 4373 349 4439 facultate
378 4374 456 4439 data
483 4395 639 4460 moneam,
672 4376 759 4459 quod
786 4377 895 4442 multis
929 4397 1013 4460 quae
1045 4398 1065 4442 a
1097 4380 1260 4446 ueteribus
1291 4400 1356 4446 non

131 4487 224 4545 erant
248 4481 371 4546 usitata
394 4502 573 4548 sermonem
597 4503 688 4548 suum
711 4504 797 4548 noua
821 4483 961 4566 quadam
984 4491 1076 4550 ueste
1090 4485 1194 4551 induit
1207 4507 1355 4570 nouoque

130 4587 239 4653 colore
263 4586 441 4672 distinguit.

221 4693 288 4760 Sed
309 4695 480 4764 redeamus
504 4717 524 4761 a
548 4716 629 4762 sana
653 4696 871 4790 facundialad
895 4707 1121 4786 corruptam.
