3250 5016
872 368 915 440 62

281 575 317 638 ut
348 565 454 655 ipsum
487 583 523 637 se
549 571 693 635 tueretur
721 575 833 636 contra
870 567 951 635 iram
984 567 1072 656 apud
1103 565 1282 656 principem
1314 561 1505 637 immodesto

281 676 432 764 discipuli
463 676 545 744 libro
579 684 732 744 exortam.
780 677 961 762 composuit
993 675 1133 761 denique
1164 677 1220 763 ita,
1252 685 1288 744 ιιι
1318 677 1391 764 ipse
1424 699 1506 762 quae

282 786 415 853 sentiret
443 803 591 868 quaeque
620 804 656 850 se
686 783 806 851 sentire
829 782 1060 870 praecipiendo
1083 804 1147 850 non
1171 783 1364 852 infitiaretur
1387 784 1506 853 celaret

282 900 314 958 et
346 891 500 976 obsequio
534 891 684 957 simulato
718 891 903 958 occultaret.
951 912 1028 976 ergo
1058 891 1136 958 data
1165 891 1307 976 quadam
1337 893 1506 969 occasione

281 1002 334 1069 uel
361 1001 469 1088 potius
497 998 604 1064 Taciti
631 997 832 1085 impudentia
861 1007 994 1066 coactus
1016 1000 1138 1067 Fabius
1165 1000 1282 1066 librum
1310 1001 1427 1070 emisit.
1474 1007 1507 1066 at

281 1109 435 1196 profecto,
459 1115 495 1176 ιιι
517 1108 613 1174 aliter
634 1127 687 1173 res
711 1107 794 1173 inter
814 1127 850 1174 se
864 1105 1051 1174 cohaesisse
1066 1107 1295 1194 existimemus,
1319 1107 1507 1174 adducimur

282 1216 574 1302 computationibus
607 1221 684 1281 ante
716 1213 822 1280 factis.
883 1235 923 1280 ex
956 1213 1006 1280 his
1039 1215 1123 1280 onim
1156 1222 1295 1302 apparet
1325 1217 1421 1282 annis
1454 1217 1507 1300 qui

282 1325 400 1391 fuerint
431 1321 508 1389 indo
540 1323 583 1387 ab
611 1342 696 1389 anno
720 1323 763 1388 82
786 1341 888 1404 usque
917 1320 961 1386 ad
984 1341 1103 1388 annum
1126 1325 1167 1390 st
1202 1343 1275 1388 oum
1304 1343 1406 1390 uxore
1437 1343 1508 1390 cum

283 1431 383 1499 nobili
410 1429 482 1496 loco
511 1435 582 1494 orta
610 1435 678 1495 tum
708 1428 837 1511 magnis
859 1427 1011 1514 praedita
1037 1429 1210 1496 uirtutibus
1240 1427 1290 1516 (cf
1308 1430 1354 1495 VI
1375 1451 1508 1516 prooem

283 1543 303 1621 ξ
316 1541 356 1605 13
372 1536 560 1604 auunculo
575 1536 748 1622 praetori
762 1541 795 1601 et
809 1539 829 1617 ξ
843 1532 878 1622 5)
894 1556 1029 1619 cumque
1044 1534 1169 1604 duobus
1183 1535 1260 1604 filiis
1275 1535 1508 1614 Quintilianum

281 1647 412 1713 beatam
435 1644 567 1728 degisse
589 1644 699 1710 uitam.
737 1663 810 1708 cum
830 1663 890 1728 per
913 1641 1096 1726 quindecim
1114 1663 1216 1710 annos
1232 1664 1364 1712 munere
1380 1645 1508 1712 functus
1616 1685 1617 1696 ι

283 1760 378 1837 esset,
406 1772 473 1819 rem
501 1750 693 1817 familiarem
720 1751 783 1816 sibi
812 1752 983 1836 parauisse
1005 1750 1171 1837 putandus
1194 1759 1245 1818 ost
1268 1753 1350 1820 satis
1372 1753 1508 1838 largam.
1616 1747 1617 1830 3

282 1881 346 1927 non
378 1861 443 1926 iam
475 1859 601 1926 iuuenis
634 1864 719 1944 erat,
757 1856 817 1925 sed
849 1856 892 1922 ad
925 1864 1123 1925 senectutem
1156 1857 1370 1926 delabebatur
1407 1869 1509 1927 aetas.
1617 1855 1618 1896 ³

283 1968 384 2034 multu
408 1973 494 2033 certe
517 1966 653 2052 fuerunt,
683 1985 739 2032 cur
767 1965 926 2049 cogitaret
948 1964 990 2032 de
1014 1963 1121 2031 officio
1145 1966 1344 2050 abrogando.
1390 1968 1510 2034 scimus

283 2083 392 2142 autem
414 2074 475 2141 hoc
498 2094 571 2142 eum
594 2094 631 2141 so
654 2072 828 2140 abdicasse
852 2093 936 2138 anno
952 2076 1003 2158 88,
1027 2072 1144 2140 librum
1167 2072 1208 2140 de
1232 2075 1340 2141 causis
1360 2076 1511 2160 coepisse
1618 2111 1619 2116 κ

283 2183 425 2250 scribere
462 2201 546 2247 anno
586 2180 653 2248 fero
693 2178 816 2248 codem.
872 2181 982 2264 itaque
1019 2186 1198 2266 temporum
1234 2181 1360 2247 ratione
1397 2182 1511 2249 habita

282 2290 464 2357 arctissime
495 2288 578 2355 baec
609 2288 693 2353 iuter
725 2308 761 2355 se
790 2287 961 2354 coniuncta
989 2288 1091 2355 fuisse
1124 2287 1278 2355 debemus
1311 2289 1509 2360 existimare.
1618 2329 1619 2352 ι

283 2419 367 2482 quae
390 2394 520 2480 quidem
548 2416 611 2479 quo
641 2395 775 2480 opinare
803 2393 962 2461 nectenda
991 2415 1065 2462 esse
1088 2395 1206 2462 modo?
1252 2416 1358 2462 nonne
1386 2397 1443 2483 ita,
1475 2404 1512 2463 ut
1618 2429 1619 2432 ¹

282 2513 440 2592 putemus,
474 2511 541 2569 tum
573 2523 645 2569 cum
677 2502 732 2568 ille
765 2502 798 2568 iu
826 2503 926 2568 otium
963 2522 999 2569 se
1030 2504 1197 2590 receperit,
1231 2524 1303 2570 eum
1333 2503 1393 2570 illa
1426 2525 1511 2589 quae

283 2614 417 2680 sentiret
452 2610 493 2676 de
528 2616 615 2677 statu
650 2609 855 2694 eloquentiae
892 2609 1059 2678 Romanae
1094 2610 1176 2677 libro
1213 2631 1375 2697 exponere
1413 2619 1446 2679 et
1477 2614 1512 2678 in

282 2719 424 2786 medium
445 2718 590 2805 proferre
612 2717 778 2784 uoluisse?
825 2737 865 2782 ao
894 2716 992 2783 ualde
1021 2717 1168 2784 uidemur
1195 2719 1265 2784 ueri
1294 2719 1437 2804 speciem
1462 2741 1511 2788 se-

284 2829 347 2914 qui,
371 2828 400 2894 si
424 2826 626 2912 suspicamur
649 2845 722 2891 eum
745 2825 799 2908 qui
822 2824 898 2891 inde
922 2845 942 2890 a
962 2845 1025 2908 quo
1039 2831 1184 2911 ternpore
1200 2827 1380 2911 susceperit
1393 2848 1511 2894 munus

284 2934 488 3022 professoris,
521 2933 739 3016 eloquentiam
767 2932 811 2997 ad
840 2939 961 3000 rectam
990 2952 1135 2998 normam
1167 2933 1316 3018 redigere
1350 2935 1514 3002 studuerit

283 3042 333 3130 (cf
350 3043 382 3107 X
409 3047 440 3128 l,
470 3041 561 3128 125),
594 3041 693 3106 etiarn
724 3041 886 3125 priuatum
918 3061 1016 3124 quam
1046 3041 1188 3108 maxime
1219 3049 1333 3128 posset
1365 3042 1512 3112 uoluisse

283 3151 472 3235 impugnare
495 3149 577 3216 istos
600 3168 620 3212 a
644 3147 760 3232 quibus
784 3155 886 3216 artem
910 3169 1003 3214 suam
1026 3149 1185 3234 eorrumpi
1214 3149 1276 3215 sibi
1298 3153 1510 3235 persuaserit.

283 3278 343 3324 neo
364 3257 459 3343 parui
487 3255 640 3322 momenti
667 3254 756 3320 illum
784 3255 900 3321 llbrum
928 3255 1031 3321 Fabio
1064 3256 1128 3340 ipsi
1156 3256 1261 3322 uisum
1289 3277 1363 3324 esse
1397 3279 1438 3324 ex
1473 3279 1511 3324 eo

284 3371 384 3452 patet,
407 3362 494 3448 qnod
517 3384 589 3429 cum
612 3363 774 3447 grauitate
789 3361 899 3446 aliqua
915 3384 989 3429 eum
1003 3370 1232 3430 commemorat
1245 3363 1278 3428 in
1292 3364 1512 3434 Institutionis

285 3473 365 3540 locis
387 3469 482 3537 nobis
500 3470 670 3555 inspeetis:
695 3469 781 3554 quod
796 3478 882 3537 certe
897 3490 962 3536 non
977 3470 1117 3555 fecisset,
1141 3471 1169 3536 si
1182 3491 1288 3536 rerum
1301 3473 1513 3538 molestarum

283 3578 480 3646 necessitate
502 3577 584 3643 liber
609 3577 639 3642 ei
668 3598 841 3665 expressus
870 3584 966 3645 esset.
1013 3597 1096 3662 quae
1125 3597 1196 3643 cum
1224 3578 1270 3644 ita
1299 3579 1371 3665 sint,
1406 3580 1435 3646 si
1465 3580 1513 3646 ita

283 3687 485 3770 arbitramur,
514 3690 549 3750 ut
573 3704 634 3768 ego
657 3687 822 3771 proposui,
851 3705 968 3750 nexum
991 3705 1098 3751 rerum
1121 3685 1292 3752 statuimus
1317 3685 1512 3754 dilucidum:

234 3875 236 3880 Ι
283 3813 378 3877 quem
391 3791 547 3857 habemus
562 3791 832 3878 obscurissimum,
848 3793 876 3858 si
892 3790 1129 3877 adstipulamur
1142 3791 1377 3859 Woelfflino.
1412 3801 1514 3878 atque

284 3901 313 3967 si
335 3899 433 3986 paulo
458 3896 624 3983 audacius,
649 3897 794 3965 sednon
817 3906 947 3984 temero,
975 3898 1130 3985 progredi
1154 3898 1238 3984 licet,
1263 3898 1412 3983 equidem
1437 3922 1513 3968 con·

283 4006 441 4074 tenderim
456 4005 663 4088 Dialogum
678 4007 803 4074 scribi
818 4007 1086 4092 nonpotuisse
1108 4006 1186 4072 nisi
1201 4006 1364 4074 liberde
1379 4011 1514 4077 causis
1621 4049 1622 4062 2

285 4121 374 4181 ante
398 4112 541 4179 fuisset
558 4113 739 4199 scriptus.
778 4121 888 4180 tantus
904 4114 989 4179 enim
1004 4120 1054 4180 est
1073 4133 1250 4181 consensus
1273 4114 1356 4180 iuter
1371 4133 1411 4179 ea
1426 4137 1514 4198 quae

283 4223 405 4289 Fabius
429 4220 470 4289 de
494 4228 644 4308 corrupta
668 4221 852 4307 eloquentia
881 4228 914 4287 et
941 4241 981 4287 ea
1010 4241 1093 4305 quae
1117 4221 1252 4287 Tacitus
1275 4258 1319 4266 —
1343 4221 1414 4286 sine
1438 4224 1514 4306 quis

288 4336 337 4396 est
360 4330 454 4415 alius,
477 4367 519 4378 -
543 4329 578 4394 id
602 4331 694 4416 enim,
721 4337 757 4397 ut
780 4330 856 4415 dixi,
879 4349 944 4394 non
967 4349 1052 4414 euro,
1070 4366 1106 4376 -
1124 4326 1166 4394 de
1188 4328 1356 4394 imminuta
1380 4328 1515 4396 dicendi

285 4437 440 4504 facultate
465 4444 633 4503 senserunt
657 4444 754 4520 atque
778 4443 1004 4522 exposuerunt,
1027 4441 1063 4501 ut
1085 4434 1221 4502 mirifica
1246 4455 1324 4502 sane
1344 4457 1397 4503 res
1414 4446 1514 4526 esset,
1619 4435 1620 4438 ’

283 4544 347 4610 nisi
370 4543 453 4609 alter
476 4543 518 4609 ab
541 4544 643 4609 altero
667 4542 831 4629 penderet.
876 4544 967 4627 atqui
989 4563 1084 4611 nemo
1108 4563 1215 4628 sanus,
1239 4544 1361 4628 opinor,
1386 4549 1516 4612 tantum

285 4647 328 4716 ab
356 4652 442 4716 omni
469 4651 538 4716 ueri
567 4649 894 4735 similitatereeedet,
919 4650 1072 4734 -quod
1101 4649 1231 4734 quidem
1258 4650 1337 4716 facit
1365 4651 1515 4720 Gruen-
