3250 5016
765 381 785 449 3

673 471 885 484 ——t

164 577 283 644 ieetiui.
329 575 415 662 quod
446 599 517 644 eum
547 599 587 644 ex
618 579 732 644 esteris
765 579 846 645 loeis
878 578 1072 665 perspicitur
1103 585 1169 643 tum
1200 599 1240 643 ex
1277 575 1324 645 eis
1358 575 1390 644 in

165 685 281 768 quibus
319 686 538 771 superlatiuus
571 684 735 752 formatur.
782 686 836 769 qui
868 692 942 751 sunt
974 686 1021 749 hi:
1060 686 1136 750 VlII
1171 706 1304 771 prooem
1340 690 1391 754 25.

164 793 249 878 Χ2,
276 796 325 858 14.

253 899 397 984 Videtur,
434 906 469 964 ut
505 899 540 964 id
576 900 650 965 huie
688 900 786 985 eapiti
825 899 1025 984 subiungam,
1062 900 1184 966 Fabius
1222 901 1391 966 terminum
1450 921 1451 924 ¹

165 1006 306 1091 corrupti
335 1027 353 1072 e
383 1006 547 1072 Ciceronis
576 1007 676 1072 Bruto
707 1006 936 1091 desumpsisse.
987 1007 1032 1072 ibi
1060 1007 1145 1072 enim
1172 1011 1192 1088 ὅ
1217 1010 1281 1074 202
1311 1007 1392 1073 haee

165 1113 328 1196 leguntur:
366 1113 514 1179 cauenda
552 1119 602 1179 est
638 1133 751 1198 presso
790 1113 838 1177 illi
872 1114 991 1178 oratori
1023 1113 1134 1199 inopie
1167 1121 1200 1179 et
1231 1114 1391 1199 ieiunitas,

166 1221 273 1306 ample
298 1226 405 1286 autem
429 1219 574 1285 inflatum
598 1227 630 1285 et
645 1240 754 1286 curru
760 1227 863 1305 ptum
878 1220 1033 1287 orationis
1048 1241 1160 1304 genus.
1189 1241 1250 1304 que
1267 1241 1307 1286 ex
1320 1222 1391 1286 loeo

164 1326 200 1391 id
224 1348 350 1410 quoque
377 1335 515 1414 apparet
542 1328 698 1394 adcurate
725 1328 773 1392 1111
803 1327 937 1393 termino
965 1328 1162 1414 respondere
1190 1328 1279 1395 istud
1306 1328 1392 1411 quod

163 1454 225 1500 nos
256 1454 410 1502 uouemus
441 1435 599 1500 Munier.
657 1441 787 1520 praeter
818 1435 903 1500 hune
939 1434 1044 1500 locum
1083 1434 1220 1500 conferri
1257 1442 1393 1521 possunt

164 1541 257 1605 Bruti
280 1544 357 1622 §36
382 1543 483 1608 uerba
505 1542 601 1607 haee:
627 1562 723 1608 sueus
746 1541 801 1606 ille
826 1549 858 1607 et
873 1543 1006 1626 sanguis
1020 1542 1268 1627 incorruptus
1291 1563 1393 1625 usque

165 1646 210 1712 ad
238 1646 321 1713 hane
351 1646 503 1735 [Lycurgi
526 1649 684 1714 Dinurehi
707 1647 877 1736 Demadis]
903 1656 1044 1716 aetutem
1072 1656 1234 1715 oratorum
1259 1649 1327 1735 fuit,
1360 1650 1393 1715 in

165 1775 231 1838 qua
253 1756 412 1852 naturalis
435 1756 567 1841 inesset,
590 1775 654 1821 non
678 1755 805 1822 fucatus
828 1756 921 1822 niter.
