3250 5016
762 387 763 390 ,
851 329 870 394 8

245 545 341 608 6666
374 523 499 588 6161166
533 521 718 588 666116666.
774 542 837 587 666
872 522 977 606 qualis
1010 522 1172 588 auditoria
1204 523 1371 608 uoluptate
1402 543 1470 608 per-

245 631 392 714 mulceat,
408 629 467 696 sed
476 628 582 712 qualis
593 627 816 695 aduersarium
831 629 989 714 profliget,
1004 629 1198 698 adulescens
1212 629 1400 698 formandus
1415 637 1472 704 ast,

335 737 425 802 Haec
449 737 550 802 iactat
563 735 686 802 Fabius
710 741 822 802 contra
846 737 1020 821 magistros
1035 736 1249 804 declamandi.
1282 745 1380 820 atque
1403 757 1472 803 cum

246 866 286 911 cx
318 844 399 910 libro
437 844 477 909 16
515 863 577 926 666
616 842 800 926 quaerimus
838 844 943 911 locum
979 852 1122 911 nostrum
1160 844 1364 930 desumptum
1402 864 1472 911 esse

247 957 385 1036 constet,
419 950 563 1034 sequitur
590 948 636 1015 ibi
665 969 738 1016 eum
762 949 802 1015 16
826 948 1117 1018 declamationibus
1140 951 1187 1017 ita
1211 952 1412 1037 exposuisse,
1441 959 1473 1016 ut

246 1078 290 1124 ex
313 1078 438 1143 praua
466 1057 684 1124 scholarum
713 1055 945 1124 condicione
974 1079 1083 1124 6666
1107 1058 1245 1125 661166
1269 1066 1474 1145 corruptae

246 1165 498 1249 eloquentiae
522 1184 676 1231 causam
699 1170 869 1250 repeteret.

334 1272 416 1338 Item
443 1269 599 1356 uidemus,
632 1272 723 1338 cuius
752 1271 822 1337 uitii
852 1279 969 1356 arguat
996 1273 1102 1340 161666
1130 1273 1303 1339 facundiae
1326 1280 1473 1339 auctores

246 1386 279 1446 et
308 1377 467 1446 adseclas.
513 1378 670 1444 infitiatur
698 1378 783 1446 enim
806 1379 1107 1464 argumentandi
1131 1380 1212 1448 satis
1237 1401 1294 1446 eos
1322 1380 1475 1447 habuisse

246 1488 412 1554 rationem.
459 1487 525 1552 iarn
552 1506 629 1552 uero
658 1486 712 1569 qui
742 1494 933 1570 argumenta
957 1507 1020 1552 non
1044 1495 1144 1572 curat,
1176 1507 1240 1553 non
1263 1487 1322 1553 dat
1345 1506 1476 1573 operam

247 1614 342 1677 quam
367 1594 464 1660 debet
486 1593 679 1660 inuentioni:
705 1613 782 1677 ergo
797 1593 943 1678 neglegit
961 1615 1022 1660 res
1044 1594 1476 1677 1666116666111666166.

246 1721 298 1768 res
331 1708 439 1768 66166
473 1700 691 1778 Quintilianus
724 1707 835 1768 censet
866 1721 984 1768 neruos
1018 1722 1092 1768 esse
1120 1721 1299 1768 causarum.
1346 1702 1381 1768 61
1399 1702 1474 1766 Vlll

246 1828 378 1894 prooem
402 1813 421 1890 ξ
448 1811 496 1875 18.
542 1808 653 1891 116666
676 1808 731 1891 661
758 1807 809 1875 bis
837 1815 950 1874 carent
977 1830 1034 1876 eos
1063 1809 1141 1875 dicit
1171 1830 1282 1876 666666
1306 1809 1474 1875 uirilitate:

247 1915 332 1981 6616
355 1922 425 1980 1616
447 1914 540 1980 fluxit
563 1922 783 2000 corruptorum
808 1936 878 1980 cum
903 1915 1103 2001 spadonibus
1127 1916 1267 1982 66116116.

339 2022 373 2109 2)
405 2022 493 2089 Loco
517 2021 629 2087 adlato
652 2022 756 2088 altero
781 2022 933 2089 docemur
955 2030 1116 2088 66616666
1140 2023 1173 2088 16
1196 2022 1278 2089 libro
1303 2023 1343 2088 16
1368 2023 1475 2089 666616

248 2130 318 2198 6166
342 2129 492 2212 attigisse
517 2129 587 2196 siue
609 2129 752 2196 mouisse
776 2130 999 2212 quaestionem
1023 2150 1107 2212 6666
1131 2129 1226 2195 166611
1255 2130 1296 2196 16
1320 2130 1475 2214 origine

248 2237 527 2303 declamationum.
579 2236 666 2320 6661
698 2236 743 2302 ibi
776 2237 944 2304 confessus
977 2244 1060 2323 crat,
1097 2237 1149 2302 hic
1181 2238 1314 2322 repetit:
1352 2238 1475 2304 nescire

248 2344 332 2410 enirn
357 2342 502 2429 sedicit,
533 2351 637 2409 utrum
665 2343 886 2410 Demetrius
909 2345 1136 2430 Phalereus,
1165 2345 1255 2411 cuius
1279 2345 1474 2430 temporibus

247 2451 324 2516 illae
357 2451 606 2518 exercitationes
638 2450 737 2516 moris
771 2451 889 2517 Graeci
922 2452 986 2517 sint
1016 2451 1132 2537 166166,
1166 2473 1223 2518 666
1251 2452 1411 2518 inuenerit
1433 2472 1474 2517 an

247 2558 332 2625 alius
357 2559 535 2642 quisquam.
582 2557 699 2641 quodsi
727 2557 760 2622 in
787 2558 869 2623 libro
896 2559 988 2624 illam
1017 2559 1239 2641 quaestionem
1268 2559 1384 2625 leuiter
1406 2579 1475 2645 per-

249 2665 386 2750 strinxit
420 2687 460 2731 ex
492 2665 655 2732 mentione
686 2665 837 2730 Phalerei
869 2665 949 2730 nibil
981 2666 1058 2732 licet
1091 2666 1253 2750 colligere.
1313 2667 1364 2732 sin
1399 2687 1475 2732 uero

247 2772 346 2858 paulo
375 2773 472 2838 altius
501 2773 534 2837 in
561 2794 628 2838 rem
656 2771 831 2858 inquisiuit,
863 2792 928 2838 nou
956 2772 1169 2858 improbabile
1194 2780 1244 2840 est
1266 2772 1299 2837 in
1321 2773 1380 2838 illa
1403 2772 1476 2838 libri

248 2887 342 2965 parte
374 2879 511 2946 16161666
547 2879 734 2945 memoriam
771 2879 1018 2946 declamationis
1057 2880 1170 2946 eodem
1208 2880 1303 2945 modo
1336 2880 1476 2946 breuiter

249 2994 440 3072 enarratam,
473 3007 535 3070 666
560 2987 799 3053 Institutionum
835 2987 922 3053 Vll
954 2986 1143 3072 rhetorices,
1179 2987 1211 3051 X
1243 2989 1259 3052 1
1298 2986 1476 3053 litterarum

249 3095 447 3160 Graecarum
479 3100 511 3158 et
538 3095 754 3158 Romanarum
785 3094 939 3160 memoria
972 3093 1259 3178 comprehenditur.
1314 3093 1373 3160 sed
1406 3114 1476 3159 cum

249 3201 349 3268 statui
381 3208 533 3285 nequeat,
571 3200 691 3265 (161666
723 3221 823 3285 opera
851 3200 955 3284 egerit
983 3200 1023 3266 de
1051 3200 1323 3266 declamationum
1352 3201 1476 3284 origine

249 3328 359 3392 66666,
382 3328 423 3373 66
448 3307 632 3372 6661661666
657 3307 866 3390 quidemilla
889 3306 1097 3373 1661666616
1122 3308 1241 3374 6111166.
1265 3345 1308 3354 -
1332 3307 1476 3373 661661-

249 3414 438 3480 666166166
462 3420 512 3482 661
535 3435 606 3480 666
629 3414 677 3480 616
701 3435 785 3498 6666
802 3414 831 3492 Q
849 3413 948 3480 refert
962 3414 1003 3480 de
1017 3415 1183 3481 Demetrio
1199 3415 1279 3481 satis
1295 3416 1476 3481 consentire

250 3523 479 3588 Ciceronem.
503 3521 531 3587 is
556 3521 797 3588 6616066195
820 3521 902 3588 haec
926 3521 1018 3587 dicit:
1043 3524 1151 3588 laetae
1176 3522 1387 3606 eruditaeque
1412 3522 1476 3588 dis-

248 3630 434 3715 putationes
463 3629 505 3694 ab
534 3628 648 3694 66166
677 3628 879 3713 explicantur
907 3634 939 3694 et
966 3629 1043 3694 loci
1067 3649 1286 3695 communes
1310 3629 1379 3695 sine
1404 3650 1476 3694 con-

249 3736 391 3803 tentione
415 3735 572 3801 dicuntur.
620 3755 803 3801 communes
827 3743 935 3800 autem
958 3736 1030 3821 loci,
1053 3737 1175 3802 Fabius
1198 3737 1301 3820 166611
1324 3737 1401 3821 114,
1425 3740 1476 3820 22,

249 3864 382 3912 ....ex
406 3843 522 3908 mediis
548 3850 622 3908 sunt
644 3841 783 3926 iudiciis,
808 3848 840 3908 et
863 3842 892 3907 61
907 3863 997 3908 6666
1012 3843 1146 3928 6116166,
1171 3844 1406 3910 accusationes.
1446 3851 1477 3909 61

248 3953 280 4016 Π
302 3957 328 4036 1,
351 3955 389 4017 11
408 3971 445 4033 66
468 3950 556 4036 apud
572 3943 707 4016 eundem
722 3948 804 4015 haec
817 3950 1036 4015 inueniuntur:
1062 3971 1125 4015 non
1139 3971 1322 4016 communes
1342 3949 1403 4015 loci
1426 4001 1477 4016 ...

250 4064 282 4124 et
304 4078 362 4143 pro
392 4057 529 4124 testibus
553 4064 585 4123 et
616 4058 650 4121 16
673 4063 775 4123 166166
807 4057 841 4121 16
871 4056 1013 4124 661116
1041 4058 1171 4122 111166
1194 4057 1379 4124 66161116
1407 4079 1477 4123 666-

250 4165 382 4233 santur?
429 4185 519 4229 arma
543 4170 617 4231 sunt
644 4165 726 4229 haec
754 4163 990 4247 quodammodo
1017 4165 1246 4249 praeparanda
1275 4184 1410 4248 semper,
1443 4172 1478 4230 61

249 4273 298 4357 116,
327 4293 399 4337 666
421 4292 474 4338 666
497 4279 620 4356 poscat,
645 4277 744 4338 utare.
790 4271 865 4336 hinc
898 4278 1035 4357 apparet
1063 4273 1104 4337 ab
1133 4272 1256 4355 eisqui
1279 4271 1370 4338 16666
1394 4290 1477 4336 666-

248 4400 361 4445 66666
384 4385 531 4462 16661661,
555 4378 776 4444 declamari.
822 4399 899 4462 ergo
923 4378 988 4443 iarn
1008 4379 1120 4444 Cicero
1145 4379 1253 4462 aliquo
1277 4378 1372 4444 6616
1397 4378 1479 4443 dixit

250 4485 504 4552 declamationes
528 4486 685 4568 originem
709 4486 826 4552 ducere
848 4507 868 4552 a
887 4485 1087 4551 Phalereo.
1125 4506 1207 4569 quae
1232 4491 1281 4551 661
1303 4506 1356 4552 666
1379 4486 1477 4552 66116

251 4593 480 4659 memorabilis.
542 4593 575 4658 61
608 4593 634 4658 F
670 4594 797 4678 Blass,
844 4595 873 4658 D
910 4593 1021 4678 griech
1056 4591 1305 4660 Beredsaruheit
1337 4615 1356 4658 6
1394 4614 1410 4660 6
1446 4615 1477 4659 w
