3250 5016
655 1112 783 1223 eaput
815 1114 891 1196 ur.

205 1265 257 1331 lle
281 1265 451 1348 corrupta
475 1265 679 1346 eloquentia
703 1265 814 1348 deque
838 1267 914 1332 eius
939 1267 1055 1334 causis
1079 1268 1164 1350 quid
1189 1268 1343 1334 senserit

646 1371 900 1459 Quintilianus.

492 1524 518 1584 1.
546 1518 766 1601 Neglegunt
789 1519 964 1604 corrupti
987 1539 1057 1586 000.

247 1641 395 1708 Vidimus
416 1663 455 1709 ex
479 1644 572 1728 vlt,
599 1648 638 1710 ll
662 1665 721 1729 sqq
745 1652 912 1730 corruptos
938 1645 1073 1730 primum
1103 1664 1141 1710 00
1170 1665 1191 1710 a
1212 1646 1301 1712 sanis
1327 1645 1386 1710 dif-

159 1749 252 1834 ferre,
285 1749 371 1833 quod
402 1770 465 1818 res
497 1751 683 1835 neglegant.
739 1753 814 1835 quin
845 1772 880 1818 re
912 1772 991 1818 uera
1018 1752 1100 1818 haec
1130 1752 1173 1818 sit
1196 1752 1387 1830 Quintiliani

160 1857 331 1942 sententia,
361 1857 497 1924 forsitan
521 1859 593 1942 quis
616 1859 741 1925 dubitet
763 1859 911 1945 inspecta
934 1860 1012 1925 VIII
1029 1879 1162 1945 prooem
1185 1860 1223 1942 §⁰
1243 1865 1309 1945 17⁸,
1332 1860 1388 1926 ubi

158 1963 241 2030 haee
264 1963 428 2048 leguntur:

247 2072 361 2155 Neque
375 2072 490 2138 Asiani
514 2079 570 2138 aut
584 2092 772 2157 quocunque
796 2074 861 2138 alio
877 2094 995 2157 genere
1012 2074 1152 2159 corrupti
1175 2094 1238 2139 res
1262 2094 1327 2139 non
1339 2075 1385 2139 ui·

160 2177 276 2244 derunt
304 2185 360 2244 aut
393 2199 449 2245 eas
477 2200 540 2245 non
573 2180 811 2247 oollooauerunt
839 2202 944 2265 neque
976 2201 1056 2265 quos
1090 2180 1199 2246 aridos
1232 2201 1386 2246 uooamus

160 2287 251 2352 stulti
274 2293 331 2352 aut
354 2287 386 2351 iu
411 2287 519 2354 causis
543 2287 632 2353 oaeoi
657 2286 791 2373 fuerunt,
816 2287 875 2354 sed
897 2288 948 2354 his
971 2288 1182 2354 iudicium-in
1206 2287 1385 2371 eloquendo

159 2415 199 2459 ao
222 2393 346 2479 modus,
370 2393 436 2460 illis
459 2394 546 2460 uires
571 2393 750 2480 defuerunt,
773 2402 809 2460 ut
833 2402 992 2481 appareat
1015 2396 1049 2461 in
1071 2396 1133 2461 hoo
1157 2402 1190 2460 et
1213 2395 1326 2460 uitium
1355 2401 1387 2460 et

159 2501 311 2566 uirtutem
334 2521 408 2567 esse
432 2500 569 2568 dicendi.

249 2608 328 2692 quid
350 2609 471 2692 igitur?
495 2630 601 2676 nonne
625 2610 794 2677 confitetur
816 2611 1012 2676 inuentionis
1037 2617 1069 2676 et
1084 2609 1309 2695 dispositionis
1332 2630 1386 2695 pe-

158 2717 238 2781 ritos
267 2736 341 2782 esse
373 2717 514 2783 Asianos
547 2723 783 2804 etcorruptos,
816 2718 849 2783 in
877 2717 1057 2784 elocutione
1085 2738 1190 2784 nonne
1224 2737 1280 2784 000
1308 2716 1387 2782 dicit

160 2825 333 2890 aberrasse
357 2846 377 2889 a
401 2826 500 2890 uero?
525 2863 566 2872 -
591 2825 750 2908 quomodo
775 2826 955 2892 sententiae
984 2845 1057 2892 sese
1086 2825 1249 2911 excipiant
1276 2823 1386 2889 uidea-

161 2951 241 2998 mus.
267 2929 344 2995 inde
368 2951 388 2996 a
412 2931 450 3012 §⁰
476 2935 530 2998 13⁸
559 2933 697 3016 probare
720 2933 789 2997 uult
812 2939 938 3016 partem
958 2931 1067 3016 operis
1091 2951 1174 3014 quae
1200 2931 1242 2998 sit
1262 2930 1303 2996 de
1322 2931 1385 2996 elo-

161 3039 288 3103 cutione
312 3038 410 3104 etiam
435 3039 618 3122 grauiorem
642 3060 715 3106 esse
740 3059 836 3123 quam
851 3059 932 3122 quas
947 3039 1144 3123 tractauerit,
1169 3039 1386 3104 inuentionem

160 3150 192 3208 et
223 3144 477 3230 dispositionem.
533 3146 620 3230 quod
651 3167 803 3230 magnum
840 3145 1012 3229 eloquendi
1045 3147 1183 3231 pretium
1219 3153 1254 3211 ut
1290 3167 1387 3230 quam

160 3250 339 3319 clarissime
362 3253 494 3318 lecturis
524 3261 625 3338 ponat
649 3260 724 3320 ante
749 3253 873 3338 oeulos,
902 3254 961 3319 sub
985 3253 1082 3319 finem
1104 3253 1200 3320 huius
1232 3253 1385 3320 sectionis

160 3360 238 3428 dicit
261 3362 536 3445 generedicendi
560 3364 601 3428 ab
626 3383 664 3428 00
680 3362 799 3447 optime
814 3361 970 3444 distingui
995 3361 1049 3444 qui
1072 3361 1211 3428 maxime
1230 3360 1385 3445 respiciat
1500 3450 1502 3453 v

163 3468 374 3537 elocutionem
399 3491 508 3542 eorum
530 3471 702 3556 propriam.
748 3490 812 3534 non
837 3477 887 3535 est
910 3468 1008 3552 igitur
1036 3469 1122 3552 quod
1150 3469 1299 3535 miremur
1327 3468 1384 3532 ali·

160 3597 256 3659 quam
279 3598 384 3643 rerum
408 3578 625 3662 cognitionem
647 3579 744 3644 tribui
767 3578 966 3644 aduersariis
995 3579 1037 3643 ab
1061 3583 1205 3641 oratore:
1235 3574 1289 3658 qui
1317 3574 1385 3657 qui-

160 3682 232 3749 dem
260 3685 435 3770 prudenter
467 3685 527 3750 ait:
560 3684 744 3751 uiderunt
771 3706 837 3752 res:
873 3684 958 3750 unde
986 3685 1113 3749 minime
1142 3683 1287 3766 sequitur
1313 3701 1386 3746 eum

159 3792 328 3876 puteuisse
352 3813 404 3858 res
428 3792 526 3859 etiam
549 3800 655 3859 reete
678 3799 876 3859 tractatas
901 3814 974 3860 esse
998 3792 1039 3856 ab
1063 3789 1135 3856 11110.

248 3903 355 3983 Atque
389 3900 436 3966 eis
473 3920 556 3983 quae
591 3901 828 3984 subsequuntur
859 3900 893 3965 in
925 3895 1139 3985 prooemio4)‚
1171 3901 1212 3978 ἐξ
1245 3899 1384 3981 18-22,

161 4013 305 4091 apparet,
330 4027 393 4089 quo
417 4006 473 4072 1110
495 4006 591 4072 modo
616 4007 790 4073 arbitratus
812 4008 854 4072 sit
878 4011 1044 4090 corruptos
1068 4005 1101 4069 in
1123 4005 1219 4070 rebus
1237 4023 1384 4088 peccare.

161 4114 338 4196 exquibus
361 4114 443 4179 haec
467 4114 629 4180 exscribo:
1148 4092 1155 4106 ’

249 4291 271 4360 ⁴)
285 4293 352 4346 VIII
366 4310 476 4362 prooem
494 4293 509 4358 ξ
525 4293 556 4345 12
572 4309 586 4345 0
605 4292 740 4362 scriptura
755 4293 884 4356 codicum,
900 4293 1025 4359 quaeest
1038 4290 1118 4344 haec:
1138 4289 1273 4343 credere
1291 4288 1384 4342 modo

510 4383 645 4436 0001οΑ

162 4471 219 4537 qui
241 4472 351 4526 discet
373 4471 461 4525 uelit
509 4472 686 4526 tetramG
746 4470 908 4539 quaedam
931 4469 1026 4523 uaria
1049 4472 1111 4531 est,
1137 4471 1243 4522 ueteres
1269 4467 1384 4521 01110000

510 4557 653 4628 10001000
671 4562 699 4614 M

162 4648 295 4717 finxerunt
322 4650 386 4716 hoo:
415 4652 542 4716 certam
570 4651 737 4730 quandam
765 4648 854 4710 uiam
882 4664 965 4704 esee:
998 4647 1071 4721 quod
1097 4645 1207 4722 probari
1230 4663 1284 4704 non
1307 4663 1385 4720 posse
