3250 5016
773 1314 901 1424 Caput
933 1312 1022 1397 VH.

321 1471 366 1537 In
389 1467 562 1536 memoria
585 1465 793 1533 litterarum
817 1481 922 1549 quem
945 1463 1064 1532 locum
1087 1464 1250 1532 obtineat
1272 1462 1477 1546 eloquentia

787 1570 1012 1659 Quintiliani.

374 1736 523 1805 Vidimus
551 1734 784 1814 Quintilianum
816 1755 879 1801 uon
907 1733 1004 1800 modo
1032 1754 1104 1803 cum
1134 1741 1363 1819 exsequeretur
1390 1755 1514 1818 munus,

286 1843 527 1932 praecipiendo,
557 1843 616 1911 sed
640 1844 738 1910 etiam
760 1850 933 1929 postquam
957 1862 1088 1909 munere
1112 1863 1148 1910 se
1171 1841 1404 1928 abdicauisset,
1433 1841 1514 1908 libro

289 1951 519 2020 conscribendo
543 1950 744 2037 pugnacisse
767 1957 878 2016 contra
902 1955 1083 2036 corruptos:
1108 1949 1280 2036 quaeritur,
1304 1969 1344 2016 ex
1365 1948 1514 2016 diuturno

285 2061 371 2128 bello
394 2060 498 2125 uictor
521 2057 698 2125 decesserit
720 2077 830 2124 necne.

375 2187 481 2270 Atque
510 2183 551 2250 dc
577 2183 640 2250 bac
663 2203 697 2248 re
725 2181 803 2267 quid
835 2183 878 2250 sit
903 2181 1090 2269 putandum,
1122 2180 1275 2249 docemur
1301 2182 1517 2268 Institutione,

287 2292 439 2360 docemur
470 2291 646 2358 bonoribus
680 2310 760 2374 quos
792 2289 998 2357 Domitianus
1030 2289 1075 2357 ad
1103 2289 1240 2356 Fabium
1267 2288 1393 2359 detulit.
1443 2313 1518 2358 uam

287 2409 321 2468 ut
352 2399 591 2467 iustitutionem
622 2397 785 2481 scriberet,
818 2417 882 2462 non
914 2418 974 2464 sua
1007 2404 1122 2483 sponte
1154 2398 1211 2465 ille
1243 2397 1305 2465 sibi
1337 2399 1519 2485 proposuit,

288 2507 346 2577 sed
375 2506 533 2592 impulsus
562 2505 604 2570 ab
635 2503 762 2570 amicis:
796 2502 883 2587 quod
910 2512 1048 2590 apparet
1077 2527 1116 2572 ex
1145 2501 1182 2594 [Ι]
1213 2525 1344 2591 prooem
1369 2509 1389 2587 5
1418 2511 1517 2574 1-2:

286 2617 320 2681 in
348 2615 464 2701 quibus
487 2611 596 2680 uerbis
624 2611 832 2678 memorabile
861 2618 911 2678 est
937 2612 1116 2680 iniunxisse
1144 2613 1266 2679 amicos
1293 2612 1342 2678 illi
1371 2613 1520 2680 laborem
1614 2651 1615 2666 ι

286 2724 425 2788 maxime
447 2728 633 2809 propterca,
665 2719 752 2804 qnod
779 2719 864 2786 inter
892 2719 1040 2786 diuersas
1070 2719 1240 2806 opiniones
1261 2719 1404 2806 priorum
1434 2721 1519 2787 diffi·
1614 2721 1615 2726 ’

290 2828 408 2895 cillime
433 2826 673 2893 diiudicaretur.
719 2827 968 2912 postulauerunt
990 2827 1097 2912 igitur,
1121 2834 1156 2893 ut
1178 2827 1353 2911 imaginem
1376 2829 1521 2896 oratoris

287 2935 498 3001 consummati
536 2929 665 3017 qualem
696 2933 768 3018 ipsc
801 2934 909 2999 auimo
941 2933 1089 3001 finxisset
1125 2935 1159 3000 iu
1190 2934 1297 3001 medio
1329 2934 1521 3003 conlacaret

286 3041 435 3108 nebulatis
469 3041 516 3107 eis
549 3039 604 3123 qui
637 3039 732 3105 aliter
764 3047 861 3124 atque
894 3041 965 3126 ipse
995 3040 1036 3106 de
1069 3063 1109 3108 ea
1137 3062 1172 3108 rc
1205 3041 1370 3110 sentirent.
1419 3050 1521 3129 atque

287 3149 383 3215 amici
407 3154 442 3214 ut
466 3146 553 3231 quod
577 3154 725 3232 peterent
747 3146 1010 3233 adsequerentur,
1034 3169 1156 3215 summo
1181 3148 1288 3215 studio
1312 3149 1422 3232 egisse
1444 3160 1522 3218 suut

287 3255 432 3342 putandi.
487 3254 638 3320 uidentur
670 3253 755 3320 enim
787 3254 953 3340 Tryphoni
990 3255 1188 3342 bibliopolae
1224 3257 1446 3342 persuasisse,
1487 3267 1523 3325 ut

287 3363 424 3428 Fabium
448 3361 515 3428 suis
539 3361 690 3446 precibus
714 3361 924 3428 reluctantem
948 3361 991 3426 ad
1015 3383 1096 3447 opus
1121 3362 1280 3428 edendum
1303 3375 1523 3448 permoueret

287 3469 374 3554 quod
405 3469 523 3536 fecisse
550 3467 641 3532 illum
669 3488 709 3533 ex
742 3468 883 3553 epistula
909 3475 1001 3554 patet
1032 3471 1098 3534 iam
1131 3470 1212 3538 satis
1240 3470 1332 3536 nobis
1360 3478 1450 3538 nota.
1478 3513 1523 3522 -

288 3583 457 3644 senserunt
483 3576 582 3660 igitur
609 3575 713 3661 amici,
745 3576 828 3641 iuter
851 3596 932 3659 quos
961 3576 1030 3642 siue
1055 3576 1151 3642 dubio
1174 3577 1318 3644 Vitorius
1341 3577 1524 3649 Marcellus

287 3685 360 3769 fuit,
392 3683 528 3748 Fabium
561 3682 643 3748 libro
677 3681 719 3748 dc
752 3683 860 3749 causis
894 3692 1063 3770 corruptae
1097 3684 1300 3768 eloquentiae
1333 3687 1525 3773 conscripto

287 3799 410 3856 tautum
442 3790 587 3856 ualuisse
620 3790 653 3854 in
684 3789 810 3856 animos
842 3790 1018 3874 bominum,
1054 3799 1091 3857 ut
1122 3789 1243 3858 audere
1273 3798 1386 3876 posset
1419 3812 1526 3878 opere

287 3899 408 3964 maiore
446 3904 618 3982 corruptae
655 3916 819 3982 opponere
856 3916 953 3962 uerae
993 3897 1197 3982 eloquentiae
1234 3897 1384 3983 speeiem.
1441 3905 1526 3985 quin

289 4006 386 4071 etiam
411 4004 534 4070 Caesar
566 4003 695 4070 uidetur
727 4004 902 4070 arbitratus
931 4024 1004 4071 csse
1032 4011 1100 4070 tum
1128 4005 1283 4090 optimum
1311 4005 1527 4088 eloquentiae

288 4113 477 4197 magistrum
501 4119 630 4180 exstare
645 4111 887 4190 Quintilianum.
925 4134 1000 4178 nam
1024 4114 1145 4180 sororis
1168 4119 1303 4199 nepotes
1328 4114 1358 4179 ei
1381 4115 1528 4186 tradidit

288 4219 488 4287 educandos:
513 4221 549 4286 cs
566 4220 611 4285 IV
634 4240 766 4305 prooem
781 4223 801 4301 ἓ
817 4223 845 4287 2.
892 4241 954 4304 quo
978 4241 1110 4287 munere
1133 4219 1398 4287 honorificentius
1414 4222 1527 4293 Fabio

288 4327 374 4393 tradi
402 4347 465 4392 uon
487 4328 599 4413 potnit,
635 4327 663 4392 si
692 4326 769 4393 licet
799 4328 890 4410 sequi
914 4327 1141 4412 Spaldingii
1173 4329 1389 4394 coniecturam
1420 4333 1528 4402 ualde

287 4433 497 4520 probabilem.
534 4434 563 4499 is
579 4433 663 4500 enim
686 4435 719 4499 in
742 4432 954 4499 adnotatione
978 4455 1062 4518 quae
1077 4441 1128 4501 est
1143 4435 1187 4500 ad
1201 4435 1251 4500 ld
1272 4441 1366 4520 putat
1378 4445 1528 4521 nepotes

287 4542 361 4608 illos
385 4540 565 4606 Domitiani
589 4540 709 4607 sororis
733 4539 865 4606 eosdem
888 4561 961 4607 csse
984 4562 1104 4627 pueros
1128 4563 1209 4626 quos
1222 4542 1375 4628 princeps
1388 4540 1531 4628 imperii

288 4671 361 4717 esse
386 4667 591 4715 successores
615 4645 758 4714 uoluisse
781 4646 919 4712 traditur
942 4647 1164 4715 aSuetonio
1188 4650 1221 4716 in
1236 4649 1324 4714 uitae
1338 4648 1531 4722 Domitiani
