3250 5016
760 394 761 397 Ἴ
838 316 859 385 2

234 511 369 582 timoris.
406 513 513 598 gratia
536 513 636 600 igitur
659 521 691 581 θῖ
714 522 819 582 metus
843 515 876 580 ui
893 513 1034 599 quadam
1053 513 1165 581 adlata
1179 513 1277 581 fidem
1290 513 1461 602 probibent

233 623 331 687 talem
356 642 392 688 εθ
414 629 583 707 praestare
607 622 735 706 qualem
759 623 862 689 debet.
903 621 1065 708 cupiditas
1088 629 1196 689 autem
1213 629 1361 689 naturam
1385 621 1461 686 fidei

235 728 352 794 dicitur
376 730 423 795 ita
447 730 625 814 immutare,
649 736 684 795 ut
706 730 856 815 puritate,
882 750 965 813 quae
990 725 1071 796 eius⁴
1084 736 1134 797 θεῖ
1147 730 1288 816 propria,
1312 729 1461 814 neglecta

234 835 291 901 fiat
314 836 448 922 impura.
496 836 642 903 uidemus
671 857 913 922 corrumpere
940 834 975 901 id
1003 837 1186 921 essequod
1215 858 1292 903 rem
1319 856 1389 923 per
1421 855 1461 901 se

233 944 367 1009 bonam
395 944 432 1008 in
461 943 693 1010 deteriorem
724 951 867 1010 statum
898 945 1088 1028 redigere.
1136 951 1168 1011 et
1191 944 1252 1010 hac
1276 943 1402 1010 omnino
1428 943 1459 1008 ui

233 1049 354 1118 Fabius
391 1051 521 1116 uerbum
558 1057 692 1136 usurpat
724 1051 765 1117 de
799 1051 942 1118 moribus
970 1052 985 1114 I
1012 1055 1039 1136 1,
1066 1055 1096 1117 4.
1152 1051 1196 1117 IV
1222 1056 1250 1134 2,
1281 1033 1331 1118 ud.
1377 1053 1407 1136 4,
1430 1051 1461 1116 5.

233 1157 394 1243 v13,17.
418 1157 495 1222 VIII
509 1161 538 1243 4,
554 1161 605 1243 23,
630 1157 670 1224 de
694 1158 810 1224 litteris
835 1179 919 1242 quae
941 1159 1186 1242 insequentibus
1216 1158 1290 1226 aliis
1314 1165 1461 1224 naturam

233 1272 356 1349 ponunt
385 1264 455 1334 Ι5.
485 1267 536 1331 69.
566 1264 644 1329 VIII
667 1267 696 1350 3,
731 1269 774 1332 45
804 1265 863 1350 sf,
897 1265 938 1333 de
974 1265 1049 1332 aliis
1085 1267 1181 1332 rebus
1210 1267 1385 1352 Iprooem
1409 1267 1461 1330 27.

232 1372 247 1434 I
273 1375 300 1456 1,
328 1375 376 1438 13.
399 1373 446 1436 ΠΙ
470 1373 499 1455 3,
524 1374 553 1438 3.
604 1371 840 1438 obseruandum
869 1379 977 1438 autem
1006 1380 1056 1440 est
1083 1393 1195 1439 uocem
1222 1373 1352 1438 minime
1374 1371 1461 1437 idem

231 1479 342 1546 ualere
374 1477 460 1562 quod
487 1477 662 1564 perdere,
693 1478 958 1564 pessumdare,
992 1478 1130 1546 delere.
1178 1479 1214 1545 fit
1238 1500 1326 1566 sane,
1358 1486 1393 1544 ut
1416 1478 1460 1542 ad

231 1586 314 1652 hanc
351 1586 513 1651 notionem
551 1605 653 1670 prope
696 1585 841 1651 accedat.
901 1592 935 1650 at
972 1586 1172 1670 aliquantum
1206 1587 1341 1652 interest
1376 1586 1460 1650 inter

231 1700 407 1776 utramque.
454 1692 540 1776 quod
560 1692 681 1780 optime
695 1692 889 1778 perspicitur
914 1713 953 1758 ex
969 1693 1016 1756 III
1032 1697 1061 1778 3,
1076 1696 1105 1779 3,
1129 1693 1183 1758 ubi
1202 1693 1340 1776 legimus
1363 1693 1458 1758 haec:

321 1820 431 1864 uerum
446 1799 527 1865 haec
541 1805 657 1864 cuncta
673 1796 763 1886 [dicit
772 1799 999 1884 inuentionem,
1010 1799 1263 1886 dispositionem,
1273 1799 1459 1866 memoriam

231 1907 274 1972 ad
289 1929 357 1973 rem
372 1904 478 1994 aptas]
496 1906 670 1991 corrumpit
685 1927 724 1972 ac
738 1906 971 1991 propemodum
993 1907 1128 1991 perdit
1142 1907 1295 1973 indecora
1311 1907 1364 1972 uel
1378 1926 1459 1972 uoce

231 2013 284 2079 uel
317 2021 411 2098 gestu
438 2013 667 2099 pronuntiatio.
713 2015 836 2080 ueritus
874 2014 1012 2099 scriptor
1049 2014 1158 2082 dicere
1194 2016 1300 2100 perire
1332 2021 1459 2080 ceteras

232 2122 369 2188 oratoris
392 2121 527 2187 uirtutes
550 2122 810 2205 pronuntiatione
833 2142 937 2206 praua
961 2121 1116 2188 aduerbio
1140 2121 1371 2209 propemodum
1394 2121 1458 2186 uim

231 2229 321 2294 uerbi
343 2229 480 2315 perdere
500 2228 674 2293 imminuit:
698 2227 841 2312 praefert
863 2229 996 2294 uerbum
1020 2248 1231 2314 corrumpere,
1255 2229 1374 2314 quippe
1395 2248 1458 2311 quo

230 2336 335 2401 bonae
357 2356 410 2402 res
433 2336 467 2400 in
490 2335 633 2401 deterius
656 2333 743 2400 flecti
758 2334 915 2400 dicantur.
952 2355 1057 2418 neque
1081 2335 1165 2401 alius
1188 2335 1337 2401 nimirum
1362 2356 1457 2418 quam

230 2442 259 2507 is
283 2443 374 2508 cuius
398 2448 514 2507 natura
537 2442 571 2505 in
595 2441 737 2507 deterius
762 2440 1237 2508 declinauituocaturaFabio
1253 2448 1457 2527 corruptus

231 2550 320 2614 uelut
343 2549 360 2612 I
382 2553 412 2634 5,
436 2552 487 2616 68.
525 2549 556 2612 ll
582 2551 631 2632 10,
655 2554 684 2614 6.
721 2548 782 2613 VII
806 2551 835 2634 2,
859 2552 888 2615 3.
1165 2619 1166 2622 ,

320 2656 411 2734 Quae
434 2677 505 2721 curn
528 2656 575 2721 ita
599 2656 671 2741 sint,
696 2676 736 2720 ex
760 2655 890 2722 dicendi
904 2676 992 2721 more
1007 2655 1225 2733 Quintilianeo
1242 2657 1458 2740 eloquentiam

231 2784 433 2851 corrumpere
457 2764 485 2830 is
509 2763 626 2829 dicitur
650 2765 704 2846 qui
727 2763 893 2849 pulchram
926 2763 996 2830 eius
1019 2763 1161 2830 indolem
1185 2764 1217 2829 in
1242 2770 1360 2830 statum
1384 2785 1458 2830 con·

230 2873 326 2936 uertit
357 2872 557 2958 deteriorem,
590 2878 772 2956 corrupta
799 2879 907 2937 autem
936 2871 1161 2954 eloquentia
1188 2893 1228 2938 ea
1257 2879 1307 2938 est
1330 2893 1412 2955 quae
1437 2894 1458 2936 a
1538 2901 1543 2907 ·

229 2981 467 3066 pulchritudine
494 2982 639 3067 perfecta
667 2981 710 3046 ad
740 2980 875 3047 formam
903 2981 1008 3048 minus
1036 2982 1204 3067 pulchram
1232 2987 1281 3046 est
1310 2980 1470 3078 delapsa.⁴

230 3089 320 3172 atqui
342 3087 519 3173 perfectam
543 3088 672 3154 dicendi
697 3097 799 3156 artem
823 3089 974 3156 camille
998 3097 1048 3155 est
1071 3089 1246 3155 arbitratus
1271 3088 1362 3154 cuius
1385 3087 1458 3171 ipse

230 3202 262 3260 et
284 3194 460 3278 imaginem
483 3195 589 3260 animo
614 3196 826 3261 conformabit
850 3204 881 3262 et
905 3197 1036 3280 regulas
1059 3195 1234 3280 praecepit.
1282 3216 1358 3278 ergo
1383 3215 1456 3259 cum

230 3303 384 3368 scriberet
417 3302 457 3368 de
485 3303 594 3370 causis
623 3309 793 3388 corruptae
821 3303 1039 3387 eloquentiae,
1073 3302 1202 3387 scripsit
1235 3301 1275 3367 de
1303 3299 1457 3367 facundia

229 3408 390 3474 hominum
414 3429 494 3492 quos
517 3411 646 3494 putauit
674 3411 715 3475 ab
740 3409 854 3475 orandi
877 3410 933 3475 uia
957 3430 1052 3492 quam
1076 3415 1197 3474 rectam
1221 3409 1293 3494 ipse
1317 3408 1470 3474 ducebat·

229 3515 402 3582 declinare.
447 3517 511 3582 loci
533 3518 566 3582 in
591 3518 706 3601 quibus
729 3518 781 3584 uis
800 3517 960 3582 rhetorica
981 3518 1066 3582 inest
1079 3518 1114 3581 in
1130 3517 1238 3582 uerbis
1254 3536 1458 3601 corrumpere

229 3630 261 3688 et
284 3630 452 3708 corruptus
475 3623 509 3688 hi
533 3632 620 3690 sunt:
651 3625 727 3688 VIII
751 3626 780 3708 3,
804 3625 856 3691 58.
883 3624 931 3689 ΙΧ
947 3629 976 3709 4,
994 3629 1043 3692 17.
1071 3625 1147 3709 Χ1,
1166 3626 1237 3690 125.
1265 3625 1329 3690 XII
1347 3627 1395 3703 10,
1413 3627 1456 3690 73

229 3730 373 3818 (dicendi
397 3751 500 3814 genus
525 3729 722 3818 corruptum)
747 3731 779 3794 Π
803 3733 832 3816 5,
859 3734 900 3798 10
923 3729 1108 3818 (corruptae
1133 3730 1310 3818 orationes)
1334 3732 1408 3809 Vb,
1426 3733 1457 3797 2.

228 3839 305 3904 VIII
328 3841 357 3924 3,
385 3841 433 3905 18.
462 3841 491 3923 5,
519 3841 566 3904 14.
599 3839 631 3902 Χ
649 3844 675 3923 l,
701 3841 774 3905 129.
809 3837 964 3923 deinceps
989 3839 1019 3904 ei
1043 3838 1098 3921 qui
1113 3837 1317 3922 eloquentam
1342 3858 1456 3905 sanam

228 3952 440 4030 corrumpunt,
468 3946 609 4029 imagine
634 3945 870 4028 quodammodo
904 3947 1034 4012 inuersa
1062 3945 1127 4030 ipsi
1156 3946 1328 4030 corrupti
1355 3945 1456 4009 nomi-

227 4059 351 4118 nantur.
388 4073 493 4136 neque
516 4052 551 4116 id
575 4054 716 4118 alienum
741 4059 791 4119 est
814 4075 834 4118 a
859 4073 1004 4120 sermone
1027 4054 1154 4137 Latino,
1179 4054 1298 4139 quippe
1322 4073 1384 4136 quo
1400 4053 1457 4135 qui

228 4159 310 4225 alios
333 4160 440 4245 perdit
468 4160 539 4246 ipse
568 4160 680 4225 audiat
709 4160 802 4225 homo
831 4160 985 4243 perditus.
1033 4162 1104 4227 Hac
1131 4163 1258 4228 ratione
1281 4159 1455 4225 facundiae

227 4265 331 4332 falsae
354 4267 506 4334 adseclas
529 4274 621 4332 notat
637 4265 856 4343 Quintilianus
880 4267 960 4333 locis
985 4268 1050 4334 his:
1079 4270 1111 4333 Π
1126 4272 1155 4355 3,
1180 4272 1209 4336 9.
1232 4267 1309 4332 VlII
1322 4287 1455 4351 prooem

229 4376 279 4439 17.
312 4376 362 4440 25.
395 4377 424 4460 3,
450 4377 478 4440 7.
512 4375 541 4459 5,
565 4378 616 4441 25.
649 4375 682 4438 Χ
705 4378 734 4460 2,
761 4377 811 4442 14.
850 4378 900 4442 16.
947 4375 1166 4442 memorabilis
1195 4381 1244 4440 est
1272 4373 1453 4440 coniunctio

226 4481 381 4565 ingenio
401 4487 622 4566 corruptus3
647 4502 731 4564 quae
745 4482 907 4548 inuenitur
921 4482 954 4546 II
965 4487 993 4567 7,
1005 4486 1035 4550 9.
1061 4483 1187 4547 omnino
1202 4481 1298 4547 huius
1311 4502 1389 4547 usus
1405 4488 1455 4548 θεῖ

225 4588 397 4675 proprium,
421 4588 507 4673 quod
529 4589 736 4676 participium
758 4590 867 4675 posita
891 4596 1007 4654 natura
1031 4589 1155 4655 uerbali
1179 4589 1275 4654 sumit
1303 4589 1368 4655 uim
1397 4587 1459 4652 ad.
