3250 5016
764 329 876 395 Ἰ14

242 533 403 612 ponuntur
439 527 480 592 ab
518 525 593 592 aliis
631 524 820 590 rhetoribus.
892 524 1151 607 Hermogenes
1193 521 1321 608 quidem
1361 520 1466 608 (quem

243 632 414 719 exscripsit
438 652 617 718 anonymus
642 637 705 718 περὶ
728 636 889 720 σχημάτων
914 629 1072 717 (Spengel
1097 631 1144 696 ΙΙΙ
1167 653 1187 716 p
1211 633 1297 716 118),
1322 630 1358 696 cf
1376 629 1472 716 proci

241 760 263 824 p
286 739 347 826 lx)
370 740 403 804 in
417 739 490 805 libri
516 739 557 804 de
578 740 763 806 inuentione
783 738 941 824 particulo
964 743 994 823 4,
1025 741 1066 805 12
1082 737 1238 824 (Spengel
1253 738 1320 823 ilp
1336 739 1401 805 256
1417 735 1466 823 sq)

243 845 322 911 dicit
345 846 441 913 hoec:

330 958 362 1018 τό
386 955 417 1018 δὲ
440 957 649 1042 κακόζηλον
676 959 779 1034 γίνεται
807 951 929 1040 ἢκατά
956 957 990 1018 τὸ
1020 951 1162 1019 άδόνατον
1190 951 1209 1038 ἢ
1236 957 1313 1017 κατά
1340 957 1372 1018 τὸ
1402 952 1468 1018 άνα-

241 1065 391 1128 κόλοωδον
415 1063 431 1126 δ
454 1065 507 1126 καὶ
530 1060 691 1148 ἐναντίωμά
714 1060 789 1126 ἐστιν
817 1060 837 1142 ἢ
860 1065 939 1126 κατά
962 1064 994 1124 τδ
1018 1057 1141 1147 αἰσχρόν
1164 1059 1184 1148 ἢ
1207 1063 1284 1124 κατά
1307 1064 1340 1125 τδ
1365 1059 1467 1144 ἀσεβὲς

241 1167 363 1256 ἢκατά
390 1172 422 1232 τδ
449 1167 550 1233 ἄδικον
577 1166 597 1256 ἢ
624 1172 702 1232 κατὰ
729 1172 760 1232 τὸ
790 1171 871 1255 φάσει
898 1170 1050 1255 πολέμιον,
1079 1169 1153 1232 καθ’
1182 1166 1235 1242 οὓς
1261 1173 1389 1253 τρόπους
1417 1172 1467 1232 καὶ

242 1275 482 1362 ἀνασκευάζομεν
505 1278 635 1362 μάλιστα
661 1279 699 1340 τά
723 1277 891 1364 διηγηματα
915 1273 1110 1359 ἐκβάλλοντες
1133 1274 1174 1348 ὡς
1197 1275 1312 1340 ἄπιστα.
1359 1277 1407 1339 διά
1429 1297 1469 1338 τοι

241 1389 326 1448 τοῦτό
355 1406 452 1470 φαμεν
481 1387 533 1448 καὶ
564 1387 620 1454 τὰς
653 1384 808 1454 διασκεωάς
841 1383 865 1466 (i
890 1404 907 1448 e
936 1381 1137 1466 ornamento)
1171 1388 1257 1469 μέχρι
1279 1392 1330 1446 τοῦ
1355 1379 1468 1452 εἰκότος

243 1501 415 1576 προχωρεῖν,
432 1490 483 1566 ὡς,
500 1487 525 1554 εἰ
539 1493 621 1575 παρά
635 1494 667 1554 τὸ
683 1487 763 1562 εἰκὸς
777 1487 912 1575 εὑρεθείη
925 1513 961 1564 τι,
977 1495 1092 1562 πάντως
1112 1492 1315 1577 κακόζηλον
1330 1489 1467 1576 ἐσόμενον

242 1601 295 1662 καὶ
317 1596 534 1684 ὲμπεσοόμενον
555 1608 592 1682 τη
618 1596 776 1682 ἀνασκεωη.
824 1601 877 1661 καὶ
904 1601 960 1682 γάρ
985 1595 1047 1662 ἐκεῖ
1073 1600 1195 1682 λὲγομεν
1220 1593 1274 1662 οδκ
1299 1594 1380 1670 εἰκός
1402 1599 1468 1660 τόδε

243 1702 459 1790 πραχθηναιῆ
489 1702 532 1769 δτι
560 1702 702 1769 ἀδόνατον
730 1701 750 1789 ἢ
774 1702 816 1768 δτι
843 1701 967 1790 αἰσχρόν
994 1707 1047 1768 καὶ
1073 1708 1111 1768 τά
1134 1701 1212 1791 ἑξης.
1258 1709 1362 1784 γίνεται
1384 1706 1468 1768 δὲτὸ

242 1814 449 1896 κακόζηλον
463 1809 545 1896 ὅμως
558 1815 610 1874 καὶ
624 1821 748 1896 τροπικῇ
764 1809 838 1882 λέξει
851 1823 902 1897 μιᾷ
917 1817 1111 1898 χρησαμένων
1133 1809 1218 1898 ἡμῶν
1234 1810 1296 1876 εἶτα
1308 1815 1342 1876 τὸ
1357 1815 1468 1900 πληρες

243 1931 295 2005 της
318 1931 428 2004 τροπης
452 1917 608 1984 ἀναδοῦναι
632 1921 673 2005 μὴ
698 1915 902 2004 δυναμένωνθλ
948 1917 999 1984 his
1023 1937 1149 2001 quoque
1171 1917 1371 2001 intellegitur
1397 1938 1467 2003 pro·

244 2045 320 2090 uum
344 2024 484 2091 studium
508 2024 592 2091 falso
616 2032 734 2091 ornotu
756 2045 873 2091 nocere
897 2024 1078 2090 elocutioni.

336 2131 431 2209 Quod
454 2140 562 2198 autem
586 2152 689 2215 genus
713 2132 843 2198 dicendi
871 2133 954 2198 inter
981 2132 1044 2197 tria
1072 2152 1156 2215 quae
1184 2131 1425 2215 distinguuntur
1451 2153 1470 2196 a

244 2239 425 2306 rhetoribus
448 2240 587 2304 maxime
618 2240 789 2305 obnoxium
823 2239 864 2306 sit
891 2233 939 2302 illi
967 2239 1061 2324 uitio,
1091 2239 1208 2305 docent
1231 2240 1372 2306 incertus
1396 2242 1471 2324 περὶ

245 2343 355 2433 ὕψους
377 2346 481 2412 libelli
504 2352 616 2411 auctor
640 2353 672 2412 et
686 2345 916 2412 Demetrius.
951 2353 1049 2430 atque
1071 2346 1124 2411 hic
1147 2346 1181 2411 in
1204 2346 1277 2412 libri
1301 2346 1342 2413 de
1366 2347 1468 2412 elocu-

245 2453 333 2519 tione
374 2453 482 2538 cupite
525 2456 586 2519 186
629 2452 788 2539 (Spengel
821 2452 868 2516 ΙΙΙ
905 2474 925 2537 ρ
963 2455 1028 2520 302
1066 2453 1118 2538 sq)
1162 2453 1209 2520 sic
1242 2455 1341 2520 uerbo
1379 2454 1469 2520 fecit:

244 2563 384 2646 καθάπερ
412 2563 443 2625 δὲ
471 2573 510 2645 τῷ
534 2564 755 2645 μεγαλοπρεπεῖ
782 2566 938 2645 παρέκειτο
962 2558 978 2624 ὁ
1002 2566 1116 2648 ψυχρὸς
1139 2568 1311 2649 χαρακτήρ,
1336 2559 1412 2627 οδτω
1433 2573 1471 2646 τῷ

245 2671 385 2754 γλαρσρῷ
417 2673 591 2752 παράκειταί
622 2691 662 2741 τις
696 2669 943 2755 διημαρτημένος,
977 2666 1112 2755 ὀνομάζω
1145 2667 1169 2734 δ’
1199 2666 1284 2733 αδτδν
1315 2682 1355 2753 τῷ
1388 2680 1472 2752 κοινῷ

247 2773 367 2862 ὀνόματι
390 2777 609 2862 κακόζηλον.
638 2775 725 2858 quod
751 2777 924 2842 187-189
949 2775 1106 2861 exemplis
1129 2775 1271 2842 illustrat
1299 2775 1472 2843 secundum

247 2883 384 2958 διάνοιαν,
401 2879 542 2970 ὀνόματα,
558 2882 734 2969 eboriacus)
758 2882 791 2946 in
806 2882 887 2947 libro
903 2889 1011 2948 autem
1027 2883 1147 2966 quiesi
1166 2882 1211 2948 de
1231 2883 1472 2948 sublimitate

246 3096 365 3166 legimus
384 3097 458 3151 enim
482 3098 555 3167 apud
574 3097 712 3152 Suidnnr
735 3115 747 3150 s
771 3116 790 3150 u
808 3098 888 3151 haec:
922 3092 1015 3165 ἔγραψε
1034 3095 1087 3166 περὶ
1105 3093 1308 3166 κακοζηλὶας
1327 3093 1470 3167 ῥητορικῆς.

247 3189 331 3254 etque
350 3204 413 3240 oum
431 3187 573 3242 Neonthes
597 3187 634 3241 sit
653 3187 802 3255 discipulus
821 3185 967 3240 Philisci
985 3186 1087 3240 Milesii
1109 3186 1288 3249 Isocratei,
1311 3187 1341 3240 in
1366 3186 1473 3240 officina

246 3275 433 3330 Isocratios
455 3276 506 3330 illu
524 3275 601 3330 notio
623 3278 666 3330 est
689 3275 833 3329 fabricata.
871 3292 955 3342 quarn
984 3292 1038 3342 quo
1069 3275 1151 3329 modo
1178 3275 1315 3329 definierit
1343 3276 1391 3330 ille
1419 3293 1473 3328 non

247 3368 367 3419 constet:
386 3365 440 3419 nisi
459 3365 533 3434 quod
551 3361 631 3435 ζῆλος
650 3365 724 3418 idem
744 3381 800 3418 esse
819 3364 930 3418 uidetur
948 3365 1020 3432 quod
1039 3382 1126 3434 genus
1144 3365 1252 3419 dicendi
1266 3366 1285 3418 h
1300 3382 1315 3419 e
1329 3365 1404 3420 scil.
1438 3365 1474 3418 sic

247 3471 341 3509 uocem
359 3457 476 3524 usurpat
494 3454 664 3509 Caecilius
683 3453 760 3507 onius
779 3453 890 3507 libellus
903 3457 1132 3508 commemoretur
1145 3453 1293 3523 inscriptus
1311 3452 1355 3504 τίνι
1370 3451 1475 3524 διαφέρει

247 3541 261 3592 ό
280 3540 396 3604 Ἀττικός
416 3541 495 3614 ζῆλος
513 3549 557 3594 τοῦ
576 3541 700 3593 Ἀσιανοῦ
719 3542 793 3612 apud
811 3541 948 3596 Suidam
968 3560 980 3596 s
999 3561 1024 3596 u.

338 3631 359 3699 6)
378 3633 420 3686 Ex
438 3633 477 3686 eis
500 3649 572 3701 quae
590 3631 659 3685 dicit
677 3650 696 3700 p
715 3632 779 3684 258:
798 3629 890 3701 γίνεται
909 3627 934 3679 δὲ
957 3630 983 3680 τό
1006 3629 1152 3702 κακόζηλον
1171 3631 1213 3682 καὶ
1232 3631 1338 3683 κατὰτὸ
1354 3629 1475 3706 εὐτελὲς

247 3718 369 3781 πολλάκις
380 3739 427 3789 eqs
437 3721 610 3790 cognoscitur
620 3721 702 3790 poulo
712 3720 811 3775 latiore
825 3720 907 3774 huius
921 3719 986 3774 uitii
1000 3721 1112 3775 notione
1126 3739 1189 3776 enm
1203 3722 1244 3776 uti
1257 3739 1341 3790 quem
1350 3722 1475 3776 Fabium.

340 3809 360 3878 7)
384 3810 417 3864 Of
440 3811 492 3864 239
512 3812 542 3879 (p
567 3811 619 3864 314
642 3809 698 3878 Sp),
723 3809 770 3863 ubi
796 3809 876 3863 dicit:
905 3805 1027 3869 πολλάκις
1055 3810 1136 3879 μέντοι
1163 3811 1252 3880 τὸμὲν
1272 3808 1398 3880 διανόημα
1417 3808 1475 3860 obri

248 3897 343 3969 ψυχρόν
360 3897 382 3950 ri
400 3897 450 3950 ἐστι
468 3899 520 3964 καὶ,
539 3897 574 3959 ὡς
593 3904 634 3949 νῦν
654 3894 816 3967 ὀνομάζομεν,
835 3894 1029 3968 κακόζηλον.
1048 3917 1083 3953 ne
1097 3901 1159 3968 quis
1173 3904 1268 3954 tumen
1277 3902 1358 3970 putot
1369 3895 1475 3950 διάνοιαν

248 4007 260 4042 s
279 3986 405 4059 διανόημα
423 3990 497 4044 idem
516 4007 572 4044 esse
591 3988 665 4056 quod
683 4005 732 4041 nos
751 3988 874 4042 dicamus
892 3988 1013 4043 Inholt
1032 3989 1088 4043 der
1106 3990 1206 4055 Rode,
1225 4007 1280 4044 non
1303 3988 1405 4043 inutile
1424 3989 1476 4044 erit

248 4095 358 4132 monere
381 4079 454 4134 inter
472 4080 588 4149 figuras,
618 4094 689 4146 quae
708 4078 766 4132 sine
790 4077 872 4131 dubio
895 4078 1036 4147 pertinent
1059 4077 1095 4132 ad
1122 4079 1311 4145 elocutionem,
1341 4077 1476 4148 distingui

248 4168 350 4236 figuras
369 4168 411 4235 (=
437 4167 571 4238 σχήματα)
595 4164 705 4226 διανοίας
730 4171 758 4222 et
781 4164 882 4227 λέξεως,
905 4167 934 4221 cf
950 4167 1009 4223 Inst
1027 4168 1041 4222 I
1059 4169 1084 4234 8,
1107 4170 1138 4222 16
1157 4169 1196 4222 VI
1215 4170 1239 4234 3,
1259 4169 1301 4222 70.
1339 4168 1378 4220 IX
1394 4170 1418 4233 1,
1438 4169 1475 4220 17.

249 4253 428 4312 trtvozaonim
442 4262 484 4313 est
502 4257 677 4312 sententie
696 4274 781 4325 quae
800 4256 949 4326 singulis
968 4257 1136 4313 orationis
1155 4258 1311 4326 portibus
1330 4258 1369 4312 ie
1386 4257 1476 4313 uerbis

249 4351 277 4402 et
298 4348 450 4403 enuntietis
469 4348 617 4402 indicatur.
664 4345 703 4401 sic
725 4347 827 4401 Fabius
850 4346 889 4400 lx
911 4348 932 4412 1,
953 4347 970 4399 5
989 4347 1057 4403 dicit
1076 4346 1109 4402 de
1123 4347 1284 4416 hyperbole:
1304 4350 1332 4401 et
1351 4349 1431 4404 rebus
1445 4347 1476 4400 fit

249 4439 277 4490 et
296 4437 394 4503 uerbis,
414 4437 443 4490 io
462 4441 503 4493 est
517 4437 619 4492 Graece
639 4432 734 4503 διανοίᾳ
752 4454 777 4486 τε
797 4435 839 4486 καὶ
855 4433 919 4496 λέξει
934 4454 946 4490 s
961 4432 1085 4505 ὀνόμασιν.
1109 4436 1181 4491 eliae
1200 4440 1265 4491 sunt
1282 4454 1334 4491 res
1352 4438 1388 4493 ad
1407 4454 1475 4507 ques

249 4529 356 4596 spectet
370 4527 527 4582 inuentio
542 4530 570 4582 et
583 4525 783 4595 dispositio:
798 4527 850 4581 hee
865 4525 940 4580 enirn
954 4525 1094 4594 pertinent
1110 4526 1145 4580 ed
1159 4528 1268 4580 totum
1282 4527 1476 4582 orationem

250 4615 327 4670 cuius
345 4620 410 4671 sunt
428 4618 515 4672 nerui.
