3250 5016
694 356 736 419 31

105 549 217 631 itaque
239 567 304 612 non
328 555 379 616 est
402 569 457 614 cur
485 547 659 613 infitiamur
680 548 828 633 potuisse
851 548 1012 633 appellari
1035 568 1133 613 unum
1157 547 1334 612 alterumue

105 676 146 721 ex
170 656 330 740 corruptis
354 677 374 720 a
398 654 613 732 Quintiliano:
644 654 702 722 sed
725 656 848 720 nullum
872 675 912 720 ex
935 655 1039 720 altera
1061 661 1155 739 parte
1179 654 1334 720 habemus

105 770 329 845 argumentum
354 783 416 846 quo
441 761 561 827 facturn
584 761 618 826 id
641 782 715 828 1111
739 761 1002 829 demonstremus.

195 867 229 955 2)
254 869 320 935 Sed
352 870 418 934 iarn
445 869 614 935 uideamus
647 869 702 951 qui
729 875 860 954 praeter
889 868 1047 935 Senecam
1076 869 1235 954 corruptis
1270 868 1334 934 sint

105 976 350 1042 adnumerandi.

194 1085 300 1167 Atque
328 1083 437 1166 aliquo
467 1082 671 1166 cognationis
699 1081 828 1147 uinculo
861 1101 933 1146 curn
965 1082 1013 1147 eis
1046 1083 1173 1148 iunctus
1207 1080 1335 1147 uidetur

106 1191 208 1258 luisse
233 1191 398 1257 Cassius
427 1190 606 1275 Seuerus,
635 1196 667 1254 et
694 1189 741 1253 ita
766 1188 907 1274 quidem,
940 1196 975 1253 ut
1006 1189 1115 1255 multis
1142 1189 1334 1272 magnisque

107 1298 280 1364 uirtutibus
305 1296 487 1381 excelleret,
510 1296 570 1362 sed
593 1297 683 1361 uitiis
707 1295 899 1379 quibusdam
923 1296 1088 1362 laboraret
1111 1317 1194 1379 quae
1217 1301 1333 1381 postea

106 1411 311 1472 cernerentur
329 1405 363 1468 in
378 1401 596 1489 corruptis20).
622 1403 663 1468 de
682 1402 773 1469 cuius
788 1403 877 1469 uitiis
902 1402 1054 1468 docemur
1067 1403 1224 1468 Tacitei
1241 1403 1333 1467 Dia-

105 1513 191 1597 logi
223 1513 303 1578 locis
336 1512 470 1578 duobus.
525 1510 681 1576 alterest
705 1511 869 1595 incapite
897 1515 944 1594 19,
972 1510 1028 1576 ubi
1050 1511 1166 1595 Aper,
1194 1510 1333 1576 recentis

105 1618 279 1685 facundiae
316 1617 515 1702 adsectator,
547 1617 628 1682 haec
661 1618 721 1682 ait:
768 1618 971 1700 antiquorum
1005 1615 1218 1682 admiratores
1249 1617 1335 1681 hunc

105 1727 195 1792 uelut
222 1727 392 1790 terminum
424 1724 628 1808 antiquitatis
661 1725 856 1790 constituere
890 1724 995 1790 solent
1030 1744 1133 1807 usque
1169 1724 1214 1789 ad
1257 1724 1334 1789 Oas-

105 1835 189 1900 sium
227 1832 450 1913 Seuerumz²¹·)
495 1852 589 1914 quem
634 1832 770 1916 primum
811 1830 983 1896 adfirmant
1024 1831 1156 1898 flexisse
1198 1833 1240 1896 ab
1277 1830 1334 1894 illa

104 1949 216 2008 uetere
250 1948 348 2024 atquc
388 1938 513 2004 directa
547 1937 677 2003 dicendi
713 1939 776 2003 uia.
837 1939 920 2004 alter
960 1939 1051 2005 locus
1093 1939 1235 2004 continet
1278 1937 1334 2002 ad-

105 2048 300 2112 curatiorem
319 2047 471 2112 uitiorum
486 2045 766 2111 enumerationem.
803 2065 877 2109 narn
899 2066 916 2110 c
936 2048 977 2112 26
997 2046 1213 2131 Vipstanus
1236 2045 1334 2111 Mes-

107 2155 206 2239 sala,
238 2153 319 2239 Apri
352 2152 569 2238 aduersarius,
601 2152 683 2217 haec
716 2158 828 2217 contra
861 2152 1009 2218 Cassium
1032 2153 1126 2218 dicit:
1150 2153 1184 2218 in
1214 2172 1335 2235 magna

104 2269 199 2347 parte
233 2261 384 2348 librorum
416 2261 490 2345 plus
522 2260 572 2326 uis
604 2260 704 2324 habet
735 2281 829 2343 quam
865 2260 1041 2343 sanguinis.
1095 2260 1217 2344 primus
1250 2260 1336 2325 enirn

106 2375 290 2453 contempto
318 2368 431 2433 ordine
455 2388 573 2451 rerum,
606 2368 728 2434 omissa
751 2367 911 2434 modestia
935 2388 974 2434 ac
1005 2366 1129 2452 pudore
1156 2368 1334 2452 uerborum,

105 2475 188 2560 ipsis
219 2475 316 2540 etiam
340 2475 455 2559 quibus
484 2474 583 2539 utitur
612 2474 710 2540 annis
739 2474 972 2559 incompositus
1000 2481 1033 2539 et
1060 2474 1168 2541 studio
1197 2474 1335 2540 feriendi

105 2583 295 2667 plerumque
324 2581 481 2665 deiectus,
511 2601 575 2646 non
602 2588 742 2666 pugnat,
768 2581 826 2648 sed
848 2582 1033 2646 11111111.-
1056 2602 1127 2646 cum
1141 2581 1192 2646 his
1207 2581 1335 2646 coniun-

106 2688 216 2772 genda
253 2696 327 2754 sunt
363 2707 447 2770 quae
485 2686 703 2764 Quintilianus
741 2688 782 2753 de
815 2688 931 2754 Cassio
965 2688 1043 2755 dicit
1072 2689 1104 2752 X
1141 2691 1166 2772 l,
1202 2691 1264 2756 116
1290 2709 1336 2772 sq.

105 2796 223 2861 laudat
245 2795 290 2860 ibi
314 2794 413 2878 illurn,
438 2794 496 2860 sed
521 2815 592 2861 curn
615 2815 716 2878 grano
740 2795 1009 2879 reprehensionis.
1040 2795 1119 2860 dicit
1143 2795 1226 2860 enim
1252 2796 1335 2860 colo·

105 2924 174 2968 rem
212 2909 245 2966 et
277 2901 472 2984 grauitatem
497 2902 652 2968 orationis
685 2902 718 2965 in
751 2922 790 2967 eo
823 2900 1002 2968 desiderari
1036 2909 1068 2966 et
1100 2901 1231 2966 nimium
1267 2902 1336 2967 irae

111 3030 184 3074 eum
208 3008 418 3074 concessisse.
442 3008 608 3074 leuissima
630 3008 712 3074 haec
734 3008 836 3092 primo
864 3009 976 3074 obtutu
999 3007 1128 3074 uidetur
1154 3016 1232 3074 nota
1255 3029 1337 3075 1111.

106 3115 167 3182 sed
190 3116 219 3182 11
243 3115 417 3200 diligenter
444 3135 516 3181 eam
544 3115 787 3180 consideramus
815 3117 943 3180 conlato
972 3116 1074 3181 altero
1098 3117 1232 3199 Dialogi
1255 3117 1336 3202 loco,

104 3224 188 3288 uitia
212 3223 374 3307 quaedam
398 3225 570 3308 perstricta
593 3242 666 3288 esse
690 3223 908 3306 intellegimus
939 3244 1023 3305 quae
1055 3224 1277 3310 uituperentur
1303 3225 1337 3287 in

200 3398 501 3468 20)Ο1(1011111117,
524 3403 564 3455 15.
584 3401 658 3455 hunc
676 3404 705 3455 et
728 3400 796 3455 alios
819 3401 891 3454 locos
919 3400 968 3468 qui
994 3402 1049 3456 huc
1070 3401 1177 3456 faciunt
1200 3401 1337 3470 congessit

104 3491 121 3543 J
147 3490 335 3543 Koerberus
364 3491 394 3544 in
421 3489 620 3543 Dissertatione
652 3489 844 3558 Marburgensi
877 3489 943 3543 anni
966 3489 1045 3555 1861,
1074 3508 1158 3558 quam
1183 3490 1336 3559 inscripsit:

105 3580 213 3633 Ueber
232 3579 294 3634 den
312 3580 441 3634 Rhetor
459 3579 584 3632 Seneca
601 3578 667 3632 und
686 3578 738 3632 die
756 3579 923 3632 romische
942 3579 1107 3632 Rhetorilr
1126 3579 1336 3646 seinerZeit,

104 3686 125 3736 p
143 3671 178 3722 64
197 3687 237 3736 sq.

200 3755 234 3824 ²¹)
254 3757 294 3810 De
312 3757 364 3810 hoc
382 3755 428 3808 'Ph
446 3755 646 3810 Fromentus
664 3756 694 3809 111
708 3756 901 3811 Annalibus
919 3757 1111 3811 Facultatis
1125 3758 1335 3812 Litterarum

105 3845 385 3914 Burdigalensis,
400 3845 446 3898 nol
461 3845 474 3897 1
488 3844 564 3912 (anni
579 3846 658 3910 1879)
674 3846 933 3900 commentationem
948 3846 1153 3916 elegantissime
1167 3847 1335 3916 conscripsit,

104 3931 281 3989 oui'titulum
299 3933 414 3988 indidit:
438 3935 487 3989 Un
510 3938 650 3988 orateur
674 3934 884 4004 republicain
908 3953 985 3989 sous
1009 3937 1173 4004 Auguste:
1199 3935 1336 3990 Cassius

104 4025 262 4078 Severus:
282 4041 336 4090 quo
347 4023 408 4092 ipso
426 4024 510 4077 titulo
529 4023 668 4078 indicatur
686 4025 804 4078 oratoris
821 4025 851 4077 in
870 4025 1012 4079 Caesarem
1028 4025 1202 4079 uoluntatem
1216 4026 1336 4080 maxime

104 4113 248 4182 explicari.
277 4112 310 4168 de
324 4112 383 4166 eius
397 4113 619 4181 generedicendi
634 4112 763 4168 similiter
772 4117 857 4181 atque
875 4131 926 4182 ego
939 4113 1046 4166 iudicat
1060 4114 1141 4168 horno
1155 4114 1258 4179 doctus,
1274 4132 1336 4168 cunr

104 4203 183 4256 dieat
198 4204 266 4256 haec
280 4220 298 4270 p
320 4203 382 4255 132:
402 4201 422 4254 C
441 4201 459 4255 S
478 4201 621 4255 contribua
636 4241 642 4254 .
658 4242 664 4256 .
681 4243 687 4256 .
702 4244 708 4256 .
736 4202 899 4271 arepondre
912 4220 942 4256 ce
956 4205 1025 4272 gout
1039 4202 1085 4257 des
1103 4203 1184 4256 traits
1198 4203 1335 4270 brillants,

104 4291 154 4346 des
167 4294 240 4346 nrots
258 4294 276 4344 1
294 4289 358 4344 11111
376 4292 405 4343 11
418 4307 438 4358 p
452 4291 516 4344 138:
544 4291 569 4344 Il
586 4309 702 4359 marque
725 4292 751 4344 11
773 4291 853 4360 point
870 4290 956 4360 precis
975 4294 1009 4345 011
1028 4292 1195 4359 l'eloquenre
1213 4292 1336 4346 romaine

104 4383 294 4436 commences
312 4379 435 4449 changer
454 4378 487 4433 de
506 4379 652 4434 direction:
678 4380 700 4433 il
721 4384 764 4435 ert
782 4381 809 4435 le
827 4380 933 4434 modole
951 4380 985 4434 de
1000 4384 1073 4435 cette
1082 4382 1155 4435 ecole
1176 4398 1229 4450 que
1247 4383 1335 4451 repre-

104 4473 185 4524 sents
204 4471 278 4538 Aper
296 4468 363 4522 dans
382 4469 408 4522 le
428 4468 564 4538 Dialogue
582 4469 629 4523 des
648 4473 770 4524 orateurs
790 4470 823 4524 de
842 4470 944 4524 ’111111
966 4498 998 4508 --
1018 4469 1051 4524 de
1070 4470 1128 4523 eius
1146 4471 1246 4539 patria,
1266 4471 1334 4537 uita,

103 4560 229 4613 moribus
247 4560 449 4611 commentatus
467 4560 509 4611 est
532 4558 556 4610 A
579 4558 795 4624 Weichertu!s
817 4559 848 4611 in
869 4559 940 4612 libro
963 4559 997 4613 de
1016 4559 1036 4612 L
1055 4559 1154 4613 Varii
1173 4563 1207 4614 et
1226 4560 1335 4614 Cassii

104 4648 299 4704 Parmensis
318 4648 391 4701 uita
410 4647 570 4716 conscripto,
590 4649 664 4703 edito
682 4649 793 4702 Grimae
814 4648 890 4710 1836,
909 4665 946 4717 pp
968 4649 1108 4702 teo-204.
