3250 5016
884 337 929 402 44

800 429 1011 438 ψ.-

296 531 519 616 praeceptoris
532 531 692 598 institutio
710 532 880 599 coniuncta
894 531 999 600 fuerit.
1032 533 1130 599 aliam
1144 533 1311 618 proferunt
1327 533 1515 598 sententiam

294 637 626 705 Friedlaenderus
646 639 733 720 (Hist
746 640 816 705 Mor
829 642 909 705 Rom
924 640 978 705 uol
991 641 1038 704 111
1052 663 1073 726 p
1089 639 1167 728 274)
1192 646 1224 706 et
1242 640 1514 725 Bernhardyus

297 742 340 830 (H
363 745 390 809 L
413 744 458 810 R⁶
479 751 580 828 §122
606 744 656 834 [=
674 768 695 832 p
712 745 812 835 susp,
837 748 890 832 qui
914 755 1030 834 putant
1053 747 1286 825 Quintilianum
1310 769 1424 814 munus
1447 767 1514 833 pro-

295 850 429 918 fessoris
454 853 622 940 accepisse
646 875 729 919 anno
753 861 828 939 post
847 855 1120 940 aVespasiuuo
1134 855 1337 940 imperatore.
1370 853 1515 920 uidentur

294 957 329 1022 id
352 958 428 1025 inde
452 959 615 1046 colligere,
639 960 725 1045 quod
746 961 918 1028 Suetonius
943 962 976 1026 in
990 963 1058 1028 uita
1074 961 1278 1048 Vespasiani,
1302 965 1386 1048 018,
1410 967 1516 1027 881181

295 1065 389 1131 haec:
414 1067 535 1152 primus
552 1067 662 1134 efisoo
677 1068 805 1135 Latinis
825 1068 1024 1153 Graecisque
1046 1069 1228 1135 rhetoribus
1252 1089 1360 1134 annua
1384 1077 1515 1134 centena

296 1173 621 1241 00111111811.-1011
650 1176 835 1260 ambiguum
865 1197 939 1242 esse
969 1175 1119 1260 equidem
1147 1176 1338 1262 putauerim‚
1364 1197 1441 1241 num
1467 1175 1515 1241 his

295 1281 423 1365 annuis,
453 1301 537 1364 quae
565 1282 692 1348 omnino
720 1283 860 1350 Latinae
884 1283 1095 1367 Graecaeque
1119 1283 1324 1368 eloquentiae
1352 1283 1515 1367 magistris

295 1387 405 1452 danda
416 1389 586 1473 assignata
596 1389 754 1475 dicuntur,
770 1391 968 1474 significetur
984 1392 1168 1458 salarium
1183 1390 1273 1476 prof
1276 1391 1425 1458 essoris
1441 1390 1514 1457 elo-

295 1495 479 1578 quentiae
502 1498 696 1564 Romanae
719 1499 875 1584 publici.
921 1499 1032 1582 itaque
1057 1500 1159 1566 satius
1184 1520 1258 1566 esse
1282 1500 1396 1585 opinor
1420 1499 1515 1564 uerba

294 1602 341 1666 ita
373 1602 587 1689 interpretari,
620 1612 655 1670 ut
688 1625 748 1689 ego
785 1607 949 1692 proposui.
1010 1613 1044 1671 at
1077 1606 1219 1672 concedo
1256 1605 1297 1671 dc
1334 1627 1398 1672 uno
1436 1624 1514 1671 anno

296 1708 542 1794 disceptandum
575 1733 638 1777 non
670 1733 753 1780 esse.
777 1713 942 1799 —plane
971 1715 1134 1780 aberrauit
1162 1735 1182 1779 a
1210 1714 1280 1779 ueri
1309 1712 1515 1780 similitudine

294 1817 320 1881 F
353 1817 564 1884 Muellerus
602 1820 649 1901 (in
682 1819 791 1885 libello
824 1820 879 1905 qui
912 1828 962 1886 est
993 1821 1182 1907 inscriptus:
1216 1821 1294 1886 Viro
1324 1841 1447 1886 summo
1476 1819 1514 1884 G⁰

293 1924 485 2010 Bernhardy
512 1927 608 1992 Diem
635 1928 777 1993 natalem
809 1928 1013 2012 gratulantur
1045 1931 1129 1994 DX
1156 1928 1265 1992 Martii
1288 1950 1309 1993 8
1335 1931 1422 1995 1840
1447 1929 1515 1994 Sem

294 2031 452 2097 RPhilol
476 2033 607 2100 sodales
631 2042 664 2100 et
685 2035 832 2120 hospites
856 2036 1030 2121 interprete
1058 2035 1099 2098 F⁰
1126 2035 1269 2100 Mueller.
1298 2035 1432 2114 Halael:
1466 2034 1515 2118 qui

295 2139 494 2205 existimauit
536 2139 770 2217 Quintilianum
815 2163 930 2209 munus
962 2144 1103 2228 ,publice
1150 2142 1287 2208 docendi
1333 2143 1515 2229 suscepisse

295 2266 379 2312 anno
406 2249 522 2313 18-
546 2248 780 2320 existimandus
804 2270 881 2333 ergo
906 2257 956 2316 est
979 2251 1100 2316 Fabius
1123 2249 1289 2336 professor
1314 2249 1513 2333 eloquentiae

294 2353 398 2419 factus
423 2374 496 2420 esse
519 2376 603 2420 anno
628 2360 670 2424 68
699 2364 755 2421 aut
781 2357 879 2442 paulo
907 2365 989 2443 post.
1035 2357 1120 2424 unde
1148 2357 1286 2423 efficitur
1317 2357 1417 2422 otium
1447 2377 1514 2423 curn

295 2460 355 2526 sibi
380 2461 571 2547 impetrasse
590 2465 676 2530 circa
691 2485 809 2530 annum
824 2468 875 2532 88.
912 2465 996 2530 hunc
1020 2465 1119 2548 igitur
1140 2465 1295 2530 habemus
1319 2466 1514 2529 terminum

295 2569 348 2650 qui
372 2576 506 2635 uocatur
529 2578 621 2657 post
644 2573 810 2656 quem.2⁹)
858 2572 1002 2656 sequitur
1030 2572 1178 2656 quaestio
1207 2592 1290 2655 quae
1319 2578 1370 2637 est
1393 2571 1434 2636 de
1458 2577 1513 2636 ter-

293 2674 378 2740 mino
403 2684 492 2743 ante
516 2699 633 2762 quem.

386 2835 421 2904 ²⁹)

440 2839 462 2891 E
481 2840 690 2894 Hummelius
709 2841 751 2906 (in
770 2841 908 2911 gymnasii
924 2841 1114 2909 Gottingensis
1133 2842 1338 2910 programmate
1358 2834 1514 2899 88811848)

293 2927 324 2980 18
341 2928 410 2981 Vita
428 2946 478 2982 sua
497 2930 664 2994 Quintiliani
687 2934 769 2999 putat
793 2949 856 2984 eum
880 2949 953 2985 anno
972 2933 1005 2984 59
1034 2949 1096 2984 oum
1115 2931 1205 2984 Galba
1227 2930 1257 2983 in
1276 2929 1442 2997 Hispaniam
1460 2943 1514 2996 pro·

293 3018 396 3070 tectum
416 3017 559 3086 Calagurri
584 3020 691 3073 scholae
714 3020 875 3088 praefuisse:
903 3037 974 3087 quae
997 3023 1038 3074 est
1064 3020 1220 3073 coniectura
1238 3037 1322 3083 mera,
1346 3037 1402 3071 non
1420 3018 1514 3085 impro-

293 3105 393 3159 babilis
412 3107 463 3160 illa
481 3108 600 3175 quidem.
629 3110 675 3163 sed
694 3109 819 3177 deinceps
838 3109 969 3178 opinatur
987 3109 1069 3163 horno
1087 3109 1183 3163 doctus
1203 3109 1237 3162 ab
1256 3108 1305 3161 illo
1320 3125 1393 3162 anno
1407 3107 1516 3160 initium

294 3199 396 3267 cepisse
415 3216 500 3251 annos
518 3197 580 3252 illos
598 3198 703 3268 uiginti
722 3216 789 3266 quos
808 3217 836 3252 se
854 3199 995 3253 iuuentuti
1014 3198 1178 3266 impendisse
1196 3197 1297 3252 Fabius
1316 3196 1407 3251 dicat:
1425 3198 1517 3264 itaque

296 3305 406 3342 munere
429 3287 613 3356 praeceptoris
636 3305 697 3341 eum
722 3305 750 3341 se
773 3287 912 3342 abdicasse
937 3289 978 3351 19,
1008 3288 1105 3341 deinde
1129 3287 1209 3341 annis
1233 3287 1338 3340 86-89
1361 3287 1462 3340 librum
1487 3285 1517 3337 de

294 3378 383 3432 causis
411 3380 439 3432 et
466 3377 674 3431 institutionem
702 3377 899 3445 conscripsisse,
929 3395 1001 3431 anno
1029 3378 1063 3430 88
1092 3377 1202 3432 demum
1231 3376 1353 3429 scholam
1380 3376 1518 3445 publicam

294 3468 428 3536 accepisse
452 3485 468 3520 8
491 3466 650 3519 Domitiano
674 3484 736 3520 cunr
755 3466 867 3520 salario:
896 3467 970 3534 quod
997 3466 1109 3533 quidem
1133 3466 1158 3519 01
1181 3467 1351 3534 persolutum
1380 3483 1437 3518 esse
1464 3464 1519 3517 iam

293 3557 383 3626 priore
397 3573 509 3610 munere
523 3555 684 3609 scholastico
698 3555 835 3624 fungenti,
855 3555 902 3609 1011
920 3556 970 3619 118,
990 3558 1021 3608 81
1036 3558 1097 3609 tum
1116 3556 1209 3609 schola
1224 3573 1278 3608 non
1297 3554 1383 3608 fuerit
1400 3552 1518 3622 publica.

294 3664 365 3715 quae
384 3645 451 3700 satis
470 3645 557 3699 habeo
577 3645 689 3698 81110110.
727 3644 790 3698 libri
814 3662 895 3712 quem
920 3645 952 3699 de
977 3643 1144 3709 Quintiliani
1167 3645 1229 3698 uita
1252 3643 1361 3711 scripsit
1385 3644 1406 3696 L
1426 3643 1518 3696 Dric-

294 3755 391 3791 senus
411 3735 532 3802 (Oleniae
554 3734 630 3802 1845)
654 3735 818 3803 inspiciendi
841 3734 959 3788 facultas
983 3733 1053 3786 mihi
1075 3751 1130 3787 non
1153 3733 1216 3787 luit.
1254 3733 1355 3786 miram
1378 3732 1517 3802 quandum

294 3831 322 3882 et
341 3844 425 3894 quam
439 3825 529 3894 magis
543 3824 712 3878 mulierculis
727 3827 755 3878 01
769 3824 860 3892 pueris
875 3842 931 3878 esse
946 3841 1029 3890 quam
1044 3823 1111 3876 uiris
1126 3823 1258 3891 scriptam
1269 3825 1382 3891 putares
1397 3822 1518 3875 fabulam

294 3915 627 3986 composuitCPilzius:
642 3913 934 3967 cuititulumindidit:
950 3912 1198 3977 Quintilianus.
1218 3911 1281 3964 1118
1296 3911 1518 3965 Lehrerleben

295 4024 352 4060 881
371 4005 475 4060 driim
497 4006 692 4060 Kaiserzeit.
728 4005 820 4058 Nach
842 4003 876 4071 [l]
898 4003 1074 4056 Wahrheit
1093 4021 1112 4056 8
1130 4003 1305 4070 Dichtung
1324 4001 1516 4056 eutworien.

295 4096 410 4164 (prodiit
426 4096 533 4165 Lipsiae
552 4098 580 4148 et
598 4095 797 4162 Heidelbergae
818 4094 907 4154 1863.)
943 4092 1081 4146 immerito
1101 4091 1136 4145 ad
1155 4091 1286 4145 amussim
1305 4091 1431 4144 criticam
1449 4091 1518 4143 hanc

294 4185 480 4239 narrationem
498 4185 616 4254 dialogis
634 4184 784 4238 maximam
803 4183 832 4235 in
855 4185 965 4251 partem
987 4199 1143 4250 expressam
1166 4180 1346 4235 examinares:
1371 4181 1445 4233 bona
1466 4177 1518 4232 1811

294 4275 423 4328 80188181
447 4275 539 4338 Pilnii,
568 4274 714 4328 defuerunt
736 4272 821 4325 uires:
850 4289 915 4324 8881
939 4287 1028 4338 neque
1056 4273 1154 4339 poetae
1178 4273 1219 4324 est
1247 4269 1409 4338 opusculum
1432 4282 1518 4336 neque

293 4364 436 4434 philologi.
474 4364 547 4431 quod
565 4381 608 4418 me
627 4361 775 4431 perlegisse
796 4390 826 4398 -—
848 4362 971 4414 eontinet
985 4361 1113 4428 plagulas
1128 4361 1179 4413 322
1201 4389 1231 4396 -
1252 4376 1307 4412 non
1326 4358 1442 4428 glorior:
1462 4373 1517 4426 per·

295 4454 400 4508 cucurri
419 4456 448 4508 et
466 4456 560 4507 lamen
575 4451 667 4505 taedio
681 4450 838 4504 incredibili
853 4469 914 4503 sum
928 4449 1060 4504 adfectus.
1094 4449 1140 4502 Th
1154 4450 1352 4503 Fromentus
1371 4447 1401 4501 in
1415 4447 1517 4500 Anna·

294 4543 384 4596 libus
412 4539 608 4596 Facultatis
631 4540 839 4593 Litterarum
863 4537 1124 4608 Burdigalensis
1153 4538 1219 4592 8881
1244 4539 1322 4600 1888,
1350 4553 1369 4606 p
1394 4537 1446 4590 224
1470 4550 1518 4601 sqq

295 4631 356 4701 agit
375 4631 408 4686 de
428 4630 602 4697 Quintiliano
621 4627 803 4684 causidico.
