3250 5016
721 399 764 467 69

634 491 849 502 ,ιι-.-

127 595 211 661 enim
244 597 286 662 ab
319 595 367 663 eis
397 616 472 663 esse
499 617 563 664 non
590 597 672 664 hene
700 604 794 666 scuta
824 595 857 686 [p
881 595 946 687 40].
992 604 1090 683 atque
1126 599 1245 667 insana
1275 600 1357 666 talia

127 704 293 790 sophistae
316 703 363 769 ita
387 704 536 771 solebant
559 705 711 792 proferre,
735 712 770 772 ut
794 705 835 771 de
859 706 1004 790 qnalibet
1027 707 1124 773 reah
1148 708 1353 776 audientibus

124 811 293 897 proposita
317 833 357 878 ex
380 819 525 897 ternpore
548 819 687 879 orarent.

214 918 268 984 Ad
290 939 447 985 summum
478 918 610 986 honoris
643 919 810 1004 fastigium
842 940 901 1005 per
934 921 1032 987 talem
1064 920 1250 987 facundiam
1281 945 1354 1008 pro-

124 1027 211 1092 necti
235 1033 310 1092 sunt
332 1027 491 1092 Polemo
515 1025 736 1112 Laodicensis,
760 1027 935 1094 Herodes
959 1028 1117 1095 Atticus
1140 1029 1357 1116 Atheniensis,

124 1134 258 1200 Aelius
282 1133 481 1200 Aristides
504 1133 694 1220 Myracen),
717 1133 967 1201 Phanorinus
992 1135 1201 1203 Arelatensis.
1248 1158 1356 1220 quarn-

124 1262 221 1326 quam
243 1241 297 1307 hic
324 1241 430 1324 magis
458 1239 542 1307 inter
570 1239 781 1326 philosophos
810 1247 860 1308 est
887 1241 1113 1308 numerandus.
1160 1263 1199 1308 ac
1222 1243 1354 1310 Polemo

124 1348 256 1433 quidem
279 1349 320 1414 ab
343 1346 512 1414 Hadriano
541 1347 688 1414 oratione
711 1348 904 1435 impetrauit,
933 1357 968 1415 ut
992 1350 1178 1434 Smyrnaeis
1201 1371 1353 1434 magnam

124 1456 296 1543 pecuniam
312 1453 519 1539 condonaret,
543 1475 607 1538 qua
626 1454 674 1519 illi
697 1454 851 1540 templum
866 1462 898 1522 ct
912 1457 1118 1542 gymnasium
1140 1458 1354 1525 aedificarunt

126 1562 314 1651 [Philostrat
336 1586 357 1649 p
382 1561 446 1650 42].
494 1561 631 1629 cundem
659 1562 835 1648 imperator
862 1583 934 1629 cnm
964 1564 1099 1630 Athenis
1127 1565 1219 1632 Jouis
1244 1564 1351 1651 Olym-

122 1670 189 1757 pici
222 1671 375 1756 templum
407 1669 610 1756 perfecisset,
642 1670 675 1735 in
703 1671 773 1736 eius
802 1668 958 1755 gradihus
990 1669 1035 1735 ad
1062 1673 1216 1756 populum
1246 1672 1354 1740 dicere

123 1779 219 1846 iussit
244 1775 275 1866 [p
290 1776 356 1865 44].
385 1777 566 1843 Antoninus
589 1776 668 1844 Pius
692 1797 764 1844 cum
788 1778 944 1862 Smyrnae
967 1778 1001 1844 in
1023 1778 1111 1844 illius
1135 1778 1230 1845 domo
1254 1786 1348 1846 noctu

124 1884 250 1952 deuerti
277 1886 386 1970 uellet,
415 1905 435 1950 a
465 1884 612 1970 sophista
640 1905 759 1968 magno
790 1884 931 1950 clamore
958 1886 1071 1970 pulsus
1101 1894 1150 1952 est
1181 1886 1221 1952 de
1244 1887 1352 1956 ianua.

125 1991 156 2080 [p
184 1995 240 2075 44,
269 1989 310 2080 5.]
357 2012 418 2058 nec
445 1998 554 2058 tamen
581 1992 684 2058 iratus
713 1999 771 2058 est.
817 1991 934 2075 quodsi
962 1999 1086 2058 tantam
1117 1993 1268 2058 iniuriam
1296 1994 1352 2061 im-

122 2110 257 2186 perator
292 2121 357 2167 non
390 2107 441 2168 est
472 2101 558 2166 ultus
591 2099 805 2167 admiratione
835 2100 975 2168 rhetoris
1008 2108 1197 2187 commotus,
1236 2110 1356 2186 quanto

124 2215 259 2294 stupore
283 2214 468 2292 quantoque
492 2207 613 2292 gaudio
636 2208 670 2273 in
693 2208 762 2274 eins
786 2207 887 2274 labris
910 2207 1059 2274 haesisse
1082 2208 1200 2293 uulgus
1225 2217 1275 2276 est
1297 2230 1354 2295 pu-

123 2316 270 2382 tandum!
318 2315 406 2401 apud
435 2314 606 2401 Herodem,
640 2315 696 2398 qui
725 2314 848 2381 diuitiis
878 2315 945 2380 suis
974 2315 1054 2381 artis
1088 2315 1224 2400 gloriam
1257 2316 1356 2400 auxit,

122 2424 298 2510 imperator
320 2423 449 2489 Marcus
474 2423 591 2488 litteris
616 2443 651 2489 se
675 2428 818 2507 excusat,
846 2421 932 2506 quod
957 2423 987 2487 ei
1011 2421 1065 2487 diu
1093 2443 1157 2488 non
1186 2423 1352 2508 scripserit

125 2530 156 2619 [p
182 2529 246 2620 70].
292 2530 405 2596 Aelius
428 2531 633 2615 praeclarum
655 2530 745 2595 illum
772 2529 951 2615 principem
975 2529 1120 2595 oratione
1144 2529 1288 2615 adduxit,
1317 2538 1352 2597 ut

124 2639 336 2724 Smyrnaeam
365 2637 538 2722 ciuitatem,
567 2638 657 2703 cuins
686 2638 762 2704 urbs
790 2642 897 2702 terrae
925 2657 1084 2703 concussu
1111 2658 1216 2722 paene
1244 2636 1352 2702 deleta

123 2747 194 2832 brit,
227 2743 463 2811 condonatione
495 2744 584 2810 facta
617 2743 788 2809 adiuuaret
820 2740 852 2831 [p
883 2741 946 2830 87].
1004 2764 1043 2809 ac
1074 2764 1115 2808 ne
1147 2744 1180 2809 hi
1213 2742 1351 2830 quidem,

124 2854 176 2938 qui
203 2852 413 2919 illustrissimi
444 2852 548 2919 hahiti
581 2858 655 2919 sunt
686 2851 771 2917 inter
803 2849 981 2935 sophistas,
1021 2851 1154 2916 meliora
1188 2851 1350 2917 sciuerunt

123 2961 265 3046 proferre
294 2981 390 3043 quam
423 2961 478 3043 qui
506 2979 562 3026 eos
590 2965 834 3025 antecesserant
861 2957 1009 3024 minores.
1060 2958 1192 3022 Polemo
1221 2957 1350 3042 quidem

123 3068 260 3134 traditur
283 3089 304 3132 a
318 3067 516 3132 Philostrato
538 3064 570 3153 [p
585 3064 639 3154 48]
665 3085 798 3132 causam
820 3065 953 3132 linxisse
978 3085 1042 3148 qua
1055 3064 1291 3131 Demosthenes
1315 3086 1351 3132 se

124 3174 313 3242 defenderet
349 3180 460 3239 contra
498 3173 737 3240 accusationem
771 3173 973 3257 corruptelae
1012 3193 1032 3236 a
1067 3192 1145 3255 rege
1178 3173 1349 3239 Persarum

125 3283 267 3348 effectae.
313 3280 399 3347 idem
426 3287 576 3347 narratur
603 3280 726 3347 dixisse
755 3279 796 3345 de
825 3280 921 3344 rebus
954 3299 1038 3361 quae
1070 3279 1104 3342 in
1135 3279 1222 3344 hello
1255 3280 1347 3345 Pelo-

124 3389 320 3475 ponnesiaco
343 3395 379 3455 ut
402 3388 472 3454 fieri
496 3394 677 3473 potuerant,
700 3386 748 3452 ita
771 3407 933 3470 nunquam
957 3393 1049 3451 erant
1072 3384 1237 3464 lacteas)

213 3602 268 3673 ⁴²¹³)
288 3603 423 3659 Aristides
437 3604 473 3659 ab
487 3603 584 3658 ceteris
598 3601 728 3672 sophistis
747 3618 779 3655 eo
792 3599 885 3655 differt
899 3600 972 3668 quod
986 3599 1098 3669 grauior
1112 3602 1141 3654 et
1155 3600 1244 3653 multo
1258 3599 1349 3654 sanior

122 3695 176 3750 fuit
194 3698 294 3750 orator.
332 3695 365 3750 de
388 3711 444 3762 qua
467 3711 496 3748 re
520 3693 548 3747 ef
563 3692 732 3746 Rohdinm
754 3691 799 3744 ith
817 3691 847 3744 M
865 3691 907 3756 41,
932 3709 950 3759 p
974 3690 1119 3744 rae-189.
1156 3691 1251 3743 tamen
1274 3689 1350 3744 ncis

124 3784 235 3852 quidem
253 3784 388 3840 Asianum
407 3788 543 3839 tumorem
566 3783 650 3851 plane
673 3781 786 3851 respuit.
828 3781 976 3835 Isocratem
1000 3779 1111 3833 uidetur
1134 3779 1261 3834 imitatus
1283 3797 1348 3834 esse.

124 3874 153 3927 cf
165 3874 208 3928 ld
227 3873 320 3942 ples.
344 3874 403 3927 188.
439 3871 662 3941 Banmgartio
685 3873 779 3925 autem
802 3887 874 3937 quae
897 3869 1082 3938 sophistarum
1108 3868 1212 3922 fuerint
1239 3869 1350 3938 propria

123 3962 165 4017 ita
197 3962 358 4031 expressisse
386 3961 521 4016 Aristides
548 3961 659 4015 uidetur
686 3962 719 4014 nt
742 3976 776 4013 611
799 3959 857 4013 eius
881 3956 993 4028 ingenio
1021 3961 1050 4012 et
1078 3960 1138 4011 arte
1166 3957 1349 4027 imaginem

5 4085 6 4132 γ
122 4051 174 4106 sibi
192 4052 304 4106 finxerit
323 4051 409 4107 artis
428 4049 642 4121 sophisticae
656 4049 747 4117 qualis
765 4048 821 4103 i'uit
841 4048 928 4103 altero
947 4046 1047 4101 aetatis
1067 4045 1214 4100 Caesarum
1232 4047 1348 4101 sacculo.

122 4140 155 4195 de
173 4157 231 4209 qna
249 4158 278 4194 rc
297 4140 326 4194 ei
341 4140 406 4196 libri
425 4141 541 4195 titulum
559 4142 588 4194 et
606 4139 670 4193 libri
689 4157 707 4208 p
726 4140 742 4192 9
761 4155 801 4206 sq.

213 4246 249 4314 ⁴³)
264 4247 296 4301 Oi
310 4264 381 4316 quae
394 4248 631 4302 Philostratus
645 4245 713 4300 dicit
727 4246 761 4299 de
774 4243 957 4298 PolemoneII
971 4261 989 4312 p
1004 4243 1051 4296 52:
1070 4240 1091 4311 ἡ
1105 4239 1130 4291 δὲ
1143 4237 1249 4292 idicirco
1265 4238 1349 4292 Πολέ-

120 4354 203 4406 μωνος
217 4334 301 4406 λόγων
316 4335 403 4406 θερμὴ
417 4335 461 4387 καὶ
480 4333 613 4405 ἐναγώνιος
632 4334 675 4385 καὶ
693 4333 764 4403 τορὸν
782 4330 893 4403 ἠχοῦοοι,
913 4330 993 4401 ὥςπερ
1012 4329 1033 4400 ἡ
1051 4327 1214 4401 Ὀλυμπιακὴ
1233 4327 1348 4400 σάλπιγξ,

5 4419 6 4424 ’
120 4424 244 4497 ἐπιπρέπει
262 4423 287 4475 a
305 4422 370 4494 αὐτῇ
392 4425 436 4475 καὶ
459 4425 486 4476 τὸ
506 4422 697 4495 Δημοσθενικὸν
716 4429 763 4493 τῆς
787 4419 902 4491 γνώμης,
927 4420 971 4471 καὶ
993 4417 1183 4490 ἡοεμνολογία
1201 4416 1250 4489 οὐχ
1268 4417 1349 4481 ὑπτία,

119 4513 225 4586 λαμπρὰ
245 4512 270 4564 δὲ
288 4514 331 4565 καὶ
350 4511 456 4583 ἔμπνους
475 4512 555 4584 ὥςπερ
570 4510 598 4563 ἐκ
611 4509 732 4583 τρίποδος,
752 4512 785 4566 de
794 4510 901 4565 Herode
915 4510 991 4580 pta:
1011 4507 1031 4580 ἡ
1046 4507 1133 4560 ἐπίπαν
1146 4505 1200 4560 ἰδέα
1214 4515 1258 4561 τοῦ
1272 4507 1349 4578 λόγου

120 4611 214 4675 χρυσοῦ
238 4604 332 4676 ψῆγμα
349 4608 453 4674 ποταμῷ
478 4599 627 4673 ἀργυροδίνῃ
651 4599 801 4671 ὑπαυγάζον.
840 4600 1025 4655 Philostratus
1048 4599 1107 4669 ipse
1130 4599 1192 4654 illos
1216 4616 1283 4670 quos
1302 4597 1347 4655 ad·

5 4761 6 4768 ,
120 4696 240 4752 miratur
258 4710 357 4766 nempe
375 4693 503 4750 imitatur
522 4693 617 4750 eodem
635 4692 716 4749 modo
736 4708 790 4763 quo
810 4690 915 4746 Gellius
934 4689 1108 4748 Frontonem.
