3250 5016
697 409 742 478 65

107 603 213 690 capite
247 603 347 693 15.³⁸)
381 643 420 654 —
452 606 580 672 accedit
616 607 701 692 quod
733 608 938 674 Domitianus
970 605 1066 674 etiam
1107 607 1329 677 consularibus

106 713 303 780 ornamentis
325 713 462 780 Fabium
494 715 679 781 honorauit:
713 715 800 799 quod
831 723 942 781 narrat
970 715 1165 784 Ausonius
1198 716 1231 782 in
1259 737 1333 801 gra·

106 820 224 885 tiarum
248 821 374 887 actione
397 843 419 906 p
443 825 511 888 290
533 822 575 888 ed
597 822 658 908 Bip
684 819 761 909 [=p
780 825 842 889 195
866 822 939 888 Tull
963 822 1040 888 anni
1066 821 1172 912 16691.
1219 825 1333 890 1111-

106 928 262 995 uenalis
287 936 340 995 sat
362 929 423 994 VH
449 932 511 996 186
537 951 605 1013 sqq.

196 1033 288 1112 Quae
303 1057 375 1102 cum
397 1037 445 1102 ita
464 1037 536 1122 sint,
559 1057 623 1102 non
648 1044 698 1104 est
721 1036 807 1120 qnod
822 1036 1012 1123 dubitemus,
1037 1038 1113 1122 quin
1126 1047 1202 1124 post
1216 1039 1332 1104 librum

106 1141 147 1208 de
172 1143 280 1208 causis
305 1143 427 1208 editum
449 1144 594 1210 homines
619 1144 736 1209 eruditi
764 1145 886 1211 reiecta
910 1145 1063 1211 facundia
1086 1167 1241 1231 peruersa
1266 1167 1331 1211 am-

105 1250 205 1334 plecti
235 1251 400 1336 coeperint
428 1271 541 1317 sanam
569 1271 751 1334 ueramque.
798 1272 837 1318 ac
860 1252 970 1318 nescio
999 1273 1041 1317 an
1070 1260 1241 1338 corruptae
1269 1254 1334 1319 elo-

107 1357 260 1440 quentiae
283 1357 435 1425 adseolas
458 1358 540 1424 libro
565 1366 735 1444 superatos
764 1357 983 1436 Quintilianus
1007 1359 1165 1426 dedicerit
1192 1368 1224 1427 et
1246 1360 1334 1426 humi

106 1465 260 1531 stranerit
283 1486 381 1551 opere
394 1466 451 1531 illo
465 1466 597 1552 maiore,
621 1487 684 1550 quo
700 1465 866 1533 doctrinae
890 1467 1044 1551 egregiae
1060 1469 1191 1535 uberem
1206 1469 1333 1554 copiam

106 1571 229 1657 effudit,
257 1572 451 1658 sapientiam
480 1594 520 1639 ex
542 1593 604 1640 usn
628 1572 747 1640 forensi
769 1573 940 1640 utilissime
968 1582 1149 1660 promptam
1172 1577 1332 1662 probauit,

104 1677 286 1745 rhetoricae
319 1679 458 1764 denique
491 1681 570 1746 artis
602 1680 759 1746 rationem
784 1689 816 1747 11
847 1680 1053 1766 disciplinam
1085 1683 1227 1766 eleganti
1261 1704 1336 1768 pru·

106 1784 259 1870 dentique
286 1786 406 1853 indicio
435 1786 656 1873 praescripsit.
703 1786 882 1854 certissime
911 1788 994 1854 enim
1023 1787 1230 1855 admirabilia
1258 1797 1332 1855 sunt

105 1893 228 1978 ingenii
251 1894 387 1960 Romani
410 1900 616 1961 monumenta
640 1893 810 1960 duodecim
832 1895 880 1959 illi
903 1895 986 1980 libri,
1010 1895 1065 1979 qni
1088 1917 1227 1962 messem
1251 1897 1333 1963 1111-

105 2008 236 2086 tumque
260 2001 424 2068 continent
446 2023 511 2068 non
534 2002 627 2068 unius
651 2002 779 2068 aetatis.

195 2108 262 2175 Sed
294 2109 382 2175 hand
408 2110 455 2175 ita
484 2109 540 2175 diu
570 2109 734 2174 hominum
767 2108 876 2174 studia
904 2117 936 2174 et
963 2110 1085 2177 iudicia
1115 2111 1149 2176 in
1178 2111 1233 2176 nia
1261 2132 1333 2196 per-

104 2223 292 2282 manserunt
331 2217 502 2302 praeclara
539 2237 635 2300 quam
672 2216 853 2282 muniuerat
890 2216 1021 2284 Fabius.
1071 2218 1238 2283 Hadriano
1276 2219 1333 2283 im-

105 2330 240 2408 perante
272 2345 337 2390 non
372 2325 494 2390 minore
527 2345 624 2408 quam
660 2343 724 2407 qua
761 2324 866 2388 iuerat
902 2323 958 2390 ille
995 2325 1189 2391 auctoritate
1225 2324 1334 2390 floruit

103 2430 137 2494 M
162 2432 365 2498 Cornelius
389 2433 547 2498 Fronto:
577 2432 606 2498 is
635 2432 719 2497 enim
764 2438 831 2497 tum
861 2439 1023 2504 oratorum
1051 2433 1188 2498 obtinuit
1214 2432 1332 2518 prinei-

103 2545 225 2622 patum.
272 2538 313 2606 de
342 2560 405 2623 quo
434 2539 469 2605 11
487 2540 520 2604 M
542 2539 695 2605 Hertzii
723 2538 853 2604 doctum
879 2539 1087 2623 lepidumque
1115 2540 1258 2607 libellum
1285 2541 1332 2605 in-

104 2647 261 2732 scriptum
283 2649 550 2714 Renaissance
573 2646 648 2713 und
672 2649 821 2713 Rococo
845 2645 1002 2733 (Berolini
1028 2646 1127 2735 1865)
1150 2670 1172 2733 p
1197 2651 1239 2715 26
1264 2669 1334 2731 sqq.

103 2753 292 2837 eloquentia
320 2762 428 2820 autem
451 2775 547 2838 quam
575 2754 669 2820 homo
692 2752 865 2820 Africanus
895 2754 1005 2820 docuit
1032 2762 1154 2821 utnon
1182 2754 1333 2820 1111111-

102 2868 210 2948 rupta,
243 2861 290 2927 ita
320 2862 418 2947 plane
451 2860 618 2928 abhorruit
647 2862 689 2926 ab
722 2861 801 2928 artis
829 2861 957 2944 legibus
986 2859 1230 2938 aQuintiliano
1260 2881 1333 2926 con-

197 3039 233 3108 88)
253 3041 305 3107 Qui
328 3041 368 3096 ibi
392 3043 648 3105 commemorantur,
672 3039 724 3094 filii
742 3042 807 3093 sunt
830 3039 926 3094 Flauii·
946 3040 1103 3106 Clementis,
1127 3039 1262 3110 patruclis
1280 3039 1332 3094 Do-

101 3129 226 3186 mitiani.
264 3147 346 3198 quem
359 3130 389 3184 in
403 3129 580 3184 matrimonio
597 3129 724 3184 habuisse
736 3128 910 3184 Domitillam
925 3129 1052 3184 doeemur
1066 3148 1084 3184 a
1097 3130 1204 3183 Dione
1219 3128 1333 3183 Cassio

102 3218 258 3290 [Xiphilini
281 3222 417 3289 excerpta,
442 3218 513 3285 167,
533 3237 547 3272 c
567 3218 626 3286 141:
651 3219 700 3286 qui
723 3218 803 3272 illam
826 3218 895 3272 dicit
921 3218 1005 3272 fuisse
1029 3219 1167 3290 coqqcurqi
1187 3236 1201 3273 1
1221 3236 1332 3273 consan-

99 3309 237 3378 guineam
261 3309 418 3364 Clementis.
460 3307 557 3378 quodsi
584 3307 635 3361 filii
664 3307 813 3362 Clementis
841 3310 870 3362 11
892 3307 1053 3362 Domitillae
1076 3326 1105 3362 re
1133 3325 1199 3362 uera
1222 3311 1334 3362 fuerunt

99 3403 218 3469 nepotes
239 3397 260 3466 [i
275 3416 289 3454 e
303 3397 403 3466 Enkel]
424 3398 521 3453 sororis
535 3397 697 3462 Domitiani,
718 3415 802 3465 quam
815 3397 885 3451 item
898 3397 1072 3452 nominatam
1090 3415 1146 3452 esse
1160 3397 1334 3452 Domitillam

99 3487 173 3543 dicit
196 3488 394 3554 Suetonius,
422 3506 441 3542 u
459 3488 564 3557 Vespas
588 3488 645 3552 13,
674 3487 849 3542 Domitillam
875 3487 1011 3542 minorem
1039 3479 1109 3542 1111
1136 3487 1224 3542 filiam
1250 3485 1334 3540 fuisse

97 3579 218 3633 maioris
236 3578 387 3633 necessario
406 3576 570 3646 colligimus.
601 3575 647 3644 [ad
665 3594 724 3630 rem
742 3577 771 3631 of
782 3576 992 3632 Philostrati
1010 3577 1099 3632 uitam
1115 3575 1255 3646 Apollonii
1268 3575 1334 3631 VIII

97 3669 137 3723 25
154 3668 226 3738 (21
244 3686 263 3737 p
282 3668 334 3722 338
348 3667 382 3736 Κ)
402 3685 465 3721 cum
488 3666 639 3720 Reimari
658 3666 694 3721 11
711 3666 806 3721 Dionis
825 3667 836 3719 l
854 3666 873 3720 d
891 3666 1090 3734 adnotatione].
1114 3695 1149 3703 —
1173 3665 1246 3734 quod
1268 3683 1333 3720 uero

97 3758 150 3811 Th
165 3759 391 3813 Mommsenus
409 3756 440 3810 in
458 3756 570 3810 indice
589 3755 696 3810 Plinii
715 3755 831 3810 editioni
845 3755 989 3811 Keilianae
1010 3752 1210 3825 (quae'prodiit
1224 3755 1334 3824 Lipsiae

95 3867 114 3903 a
139 3848 223 3913 1870)
248 3847 343 3902 addito
362 3847 412 3901 sub
436 3864 502 3900 uoce
520 3847 549 3900 M
568 3845 693 3900 Fabius
712 3845 952 3911 Quintilianus
976 3845 1044 3903 dicit
1063 3845 1232 3900 Clementem
1249 3843 1334 3897 fuisse

95 3937 238 3992 maritum
253 3935 421 4002 Domitillae,
437 3935 591 3990 Domitiani
605 3935 711 4000 sororis,
731 3935 832 3989 calami
846 3936 925 4004 lapsu
940 3935 966 3990 ei
980 3934 1091 3989 uidetur
1106 3933 1243 3988 excidisse.
1267 3951 1333 3987 nam

93 4033 223 4084 stemma
241 4026 333 4097 gentis
351 4026 465 4081 Flauiae
490 4026 563 4092 quod
582 4025 683 4079 statuit
702 4024 793 4079 CIL
812 4026 852 4080 VI
873 4027 885 4078 l
910 4025 946 4078 ad
969 4023 1086 4078 titulum
1109 4041 1129 4076 n
1148 4023 1200 4076 948
1220 4021 1250 4091 [1
1271 4021 1331 4089 113]

94 4120 189 4190 plane
208 4115 348 4186 conspirat
366 4135 429 4170 cum
447 4115 604 4170 coniectura
622 4115 685 4184 spu
705 4132 738 4169 ex
756 4114 834 4168 cuius
852 4113 991 4168 sententia
1010 4116 1128 4168 stemma
1146 4112 1197 4167 hoc
1216 4115 1270 4166 est:

390 4205 566 4261 Domitianus
586 4206 649 4274 Aug
756 4203 901 4257 Domitilla
921 4201 1017 4270 [soror]
1036 4203 1050 4256 Ι

533 4417 646 4474 Flauuis
665 4416 696 4472 01
737 4445 772 4454 -
821 4416 968 4470 Domitilla
985 4416 1012 4470 II

490 4507 569 4559 [frater
582 4506 731 4557 vespasiani.)

620 4631 679 4698 filii,
698 4647 861 4686 successores

581 4721 669 4776 111111
694 4719 796 4775 Domit'
839 4720 845 4730 “

184 4817 309 4862 Reutsr,
326 4813 361 4855 Dc
375 4812 513 4862 Quintiliani
525 4813 592 4853 libro.
