<?xml version="1.0" encoding="UTF-8"?>
<!DOCTYPE html PUBLIC "-//W3C//DTD XHTML 1.0 Transitional//EN"
    "http://www.w3.org/TR/xhtml1/DTD/xhtml1-transitional.dtd">
<html xmlns="http://www.w3.org/1999/xhtml" xml:lang="en" lang="en">
 <head>
  <title>
</title>
<meta http-equiv="Content-Type" content="text/html;charset=utf-8" />
  <meta name='ocr-system' content='tesseract 3.04.00' />
  <meta name='ocr-capabilities' content='ocr_page ocr_carea ocr_par ocr_line ocrx_word'/>
</head>
<body>
  <div class='ocr_page' id='page_1' title='image "./dequintilianili01reutgoog_0024.png"; bbox 0 0 3250 5016; ppageno 0'>
   <div class='ocr_carea' id='block_1_1' title="bbox 852 285 892 352">
    <p class='ocr_par' dir='ltr' id='par_1_1' title="bbox 852 285 892 352">
     <span class='ocr_line' id='line_1_1' title="bbox 852 285 892 352; baseline 0 0"><span class='ocrx_word' id='word_1_1' title='bbox 852 285 892 352; x_wconf 89' lang='lat'>18</span> 
     </span>
    </p>
   </div>
   <div class='ocr_carea' id='block_1_2' title="bbox 256 477 1486 1977">
    <p class='ocr_par' dir='ltr' id='par_1_2' title="bbox 258 477 1486 1104">
     <span class='ocr_line' id='line_1_2' title="bbox 259 477 1486 568; baseline 0 -22"><span class='ocrx_word' id='word_1_2' title='bbox 259 477 364 546; x_wconf 78' lang='grc' dir='ltr'><strong>εἰδέναι</strong></span> <span class='ocrx_word' id='word_1_3' title='bbox 386 484 447 568; x_wconf 79' lang='grc' dir='ltr'>χρὴ</span> <span class='ocrx_word' id='word_1_4' title='bbox 470 484 502 544; x_wconf 88' lang='grc' dir='ltr'>τὸ</span> <span class='ocrx_word' id='word_1_5' title='bbox 526 485 613 568; x_wconf 76' lang='grc' dir='ltr'><strong>μέχρι</strong></span> <span class='ocrx_word' id='word_1_6' title='bbox 636 491 692 546; x_wconf 82' lang='grc' dir='ltr'>ποῦ</span> <span class='ocrx_word' id='word_1_7' title='bbox 712 487 901 568; x_wconf 76' lang='grc' dir='ltr'><strong>παροριετὲον</strong></span> <span class='ocrx_word' id='word_1_8' title='bbox 924 479 1055 546; x_wconf 72' lang='grc' dir='ltr'><strong>ἕκαστον.</strong></span> <span class='ocrx_word' id='word_1_9' title='bbox 1090 485 1123 545; x_wconf 84' lang='grc' dir='ltr'>τὸ</span> <span class='ocrx_word' id='word_1_10' title='bbox 1146 484 1202 566; x_wconf 73' lang='grc' dir='ltr'>γὰρ</span> <span class='ocrx_word' id='word_1_11' title='bbox 1226 479 1313 546; x_wconf 76' lang='grc' dir='ltr'><strong>ἐνίοτε</strong></span> <span class='ocrx_word' id='word_1_12' title='bbox 1331 487 1486 568; x_wconf 70' lang='grc' dir='ltr'>περαιτέρω</span> 
     </span>
     <span class='ocr_line' id='line_1_3' title="bbox 259 584 1483 676; baseline 0 -22"><span class='ocrx_word' id='word_1_13' title='bbox 259 593 459 674; x_wconf 77' lang='grc' dir='ltr'><strong>προεκπίπτειν</strong></span> <span class='ocrx_word' id='word_1_14' title='bbox 475 586 609 672; x_wconf 84' lang='grc' dir='ltr'><strong>ἀναιρεῖ</strong></span> <span class='ocrx_word' id='word_1_15' title='bbox 631 593 684 674; x_wconf 75' lang='grc' dir='ltr'>τὴν</span> <span class='ocrx_word' id='word_1_16' title='bbox 700 584 864 676; x_wconf 76' lang='grc' dir='ltr'><strong>ὑπερβολὴν</strong></span> <span class='ocrx_word' id='word_1_17' title='bbox 886 593 938 652; x_wconf 76' lang='grc' dir='ltr'>καὶ</span> <span class='ocrx_word' id='word_1_18' title='bbox 955 598 1078 654; x_wconf 78' lang='grc' dir='ltr'><strong>τοιαῦτα</strong></span> <span class='ocrx_word' id='word_1_19' title='bbox 1101 584 1323 676; x_wconf 70' lang='grc' dir='ltr'><strong>ὑπερτεινόμενα</strong></span> <span class='ocrx_word' id='word_1_20' title='bbox 1344 592 1483 674; x_wconf 81' lang='grc' dir='ltr'>χαλᾶται,</span> 
     </span>
     <span class='ocr_line' id='line_1_4' title="bbox 259 692 1483 781; baseline 0.003 -23"><span class='ocrx_word' id='word_1_21' title='bbox 259 694 326 759; x_wconf 80' lang='grc' dir='ltr'>ἔσθ’</span> <span class='ocrx_word' id='word_1_22' title='bbox 351 694 399 760; x_wconf 81' lang='grc' dir='ltr'>ὅτε</span> <span class='ocrx_word' id='word_1_23' title='bbox 423 697 528 760; x_wconf 80' lang='grc' dir='ltr'>δὲκαὶ</span> <span class='ocrx_word' id='word_1_24' title='bbox 553 693 595 768; x_wconf 75' lang='grc' dir='ltr'>εἰς</span> <span class='ocrx_word' id='word_1_25' title='bbox 617 699 670 769; x_wconf 83' lang='grc' dir='ltr'>τὰς</span> <span class='ocrx_word' id='word_1_26' title='bbox 692 692 964 770; x_wconf 70' lang='grc' dir='ltr'><strong>ὑπεναντιώσεις</strong></span> <span class='ocrx_word' id='word_1_27' title='bbox 994 695 1305 781; x_wconf 80' lang='grc' dir='ltr'><strong>ἀντιπεριὶσταται.</strong></span> <span class='ocrx_word' id='word_1_28' title='bbox 1362 703 1483 762; x_wconf 83' lang='lat' dir='ltr'>ceteros</span> 
     </span>
     <span class='ocr_line' id='line_1_5' title="bbox 260 801 1483 886; baseline -0.001 -19"><span class='ocrx_word' id='word_1_29' title='bbox 260 822 386 886; x_wconf 91' lang='lat' dir='ltr'>quoque</span> <span class='ocrx_word' id='word_1_30' title='bbox 418 809 529 886; x_wconf 89' lang='lat' dir='ltr'>tropos</span> <span class='ocrx_word' id='word_1_31' title='bbox 556 801 727 868; x_wconf 90' lang='lat' dir='ltr'>immodice</span> <span class='ocrx_word' id='word_1_32' title='bbox 756 802 894 869; x_wconf 90' lang='lat' dir='ltr'>orationi</span> <span class='ocrx_word' id='word_1_33' title='bbox 922 801 1087 868; x_wconf 86' lang='lat' dir='ltr'>adhibitos</span> <span class='ocrx_word' id='word_1_34' title='bbox 1115 822 1232 868; x_wconf 89' lang='lat' dir='ltr'>nocere</span> <span class='ocrx_word' id='word_1_35' title='bbox 1260 803 1388 868; x_wconf 88' lang='lat' dir='ltr'>ornatui</span> <span class='ocrx_word' id='word_1_36' title='bbox 1416 824 1483 868; x_wconf 91' lang='lat' dir='ltr'>cum</span> 
     </span>
     <span class='ocr_line' id='line_1_6' title="bbox 258 908 1482 996; baseline -0.001 -21"><span class='ocrx_word' id='word_1_37' title='bbox 258 930 317 996; x_wconf 89' lang='lat' dir='ltr'>per</span> <span class='ocrx_word' id='word_1_38' title='bbox 340 929 375 976; x_wconf 86' lang='lat' dir='ltr'>se</span> <span class='ocrx_word' id='word_1_39' title='bbox 397 917 490 996; x_wconf 87' lang='lat' dir='ltr'>patet</span> <span class='ocrx_word' id='word_1_40' title='bbox 513 918 580 975; x_wconf 92' lang='lat' dir='ltr'>tum</span> <span class='ocrx_word' id='word_1_41' title='bbox 607 909 751 993; x_wconf 90' lang='lat' dir='ltr'>sequitur</span> <span class='ocrx_word' id='word_1_42' title='bbox 774 930 792 975; x_wconf 93' lang='lat' dir='ltr'>e</span> <span class='ocrx_word' id='word_1_43' title='bbox 815 908 886 976; x_wconf 93' lang='lat' dir='ltr'>loco</span> <span class='ocrx_word' id='word_1_44' title='bbox 912 931 952 976; x_wconf 87' lang='lat' dir='ltr'>ex</span> <span class='ocrx_word' id='word_1_45' title='bbox 975 910 1178 992; x_wconf 81' lang='lat' dir='ltr'>Hermogene</span> <span class='ocrx_word' id='word_1_46' title='bbox 1207 930 1227 994; x_wconf 95' lang='lat' dir='ltr'>p</span> <span class='ocrx_word' id='word_1_47' title='bbox 1249 913 1290 975; x_wconf 81' lang='grc'>21</span> <span class='ocrx_word' id='word_1_48' title='bbox 1316 910 1482 994; x_wconf 89' lang='lat' dir='ltr'>exscripto.</span> 
     </span>
     <span class='ocr_line' id='line_1_7' title="bbox 259 1015 1238 1104; baseline 0.001 -22"><span class='ocrx_word' id='word_1_49' title='bbox 259 1015 295 1082; x_wconf 85' lang='lat' dir='ltr'>cf</span> <span class='ocrx_word' id='word_1_50' title='bbox 313 1018 412 1083; x_wconf 92' lang='lat' dir='ltr'>etiam</span> <span class='ocrx_word' id='word_1_51' title='bbox 434 1021 497 1102; x_wconf 79' lang='lat' dir='ltr'>cepi</span> <span class='ocrx_word' id='word_1_52' title='bbox 520 1015 611 1104; x_wconf 76' lang='grc' dir='ltr'>ὃψους</span> <span class='ocrx_word' id='word_1_53' title='bbox 635 1020 686 1100; x_wconf 66' lang='lat'>32,</span> <span class='ocrx_word' id='word_1_54' title='bbox 708 1020 725 1082; x_wconf 79' lang='lat'><strong>7</strong></span> <span class='ocrx_word' id='word_1_55' title='bbox 750 1015 785 1102; x_wconf 81' lang='lat' dir='ltr'>(p</span> <span class='ocrx_word' id='word_1_56' title='bbox 809 1019 861 1102; x_wconf 80' lang='lat'>53,</span> <span class='ocrx_word' id='word_1_57' title='bbox 888 1021 905 1083; x_wconf 80' lang='lat'><strong>7</strong></span> <span class='ocrx_word' id='word_1_58' title='bbox 934 1047 968 1071; x_wconf 98' lang='lat'><strong><em>=</em></strong></span> <span class='ocrx_word' id='word_1_59' title='bbox 997 1016 1142 1102; x_wconf 71' lang='lat' dir='ltr'>[past</span> <span class='ocrx_word' id='word_1_60' title='bbox 1169 1015 1238 1103; x_wconf 83' lang='lat' dir='ltr'>Sp).</span> 
     </span>
    </p>

    <p class='ocr_par' dir='ltr' id='par_1_3' title="bbox 256 1140 1482 1977">
     <span class='ocr_line' id='line_1_8' title="bbox 347 1140 1480 1227; baseline 0 -21"><span class='ocrx_word' id='word_1_61' title='bbox 347 1142 398 1207; x_wconf 92' lang='lat' dir='ltr'>De</span> <span class='ocrx_word' id='word_1_62' title='bbox 422 1142 748 1208; x_wconf 82' lang='lat' dir='ltr'>similitudinibus</span> <span class='ocrx_word' id='word_1_63' title='bbox 773 1140 990 1218; x_wconf 78' lang='lat' dir='ltr'>Quintilianus</span> <span class='ocrx_word' id='word_1_64' title='bbox 1016 1142 1089 1205; x_wconf 91' lang='lat' dir='ltr'>VIII</span> <span class='ocrx_word' id='word_1_65' title='bbox 1109 1145 1128 1207; x_wconf 87' lang='lat'>3</span> <span class='ocrx_word' id='word_1_66' title='bbox 1153 1140 1229 1208; x_wconf 92' lang='lat' dir='ltr'>inde</span> <span class='ocrx_word' id='word_1_67' title='bbox 1253 1163 1273 1206; x_wconf 90' lang='lat' dir='ltr'>a</span> <span class='ocrx_word' id='word_1_68' title='bbox 1297 1146 1375 1224; x_wconf 74' lang='lat'>§72</span> <span class='ocrx_word' id='word_1_69' title='bbox 1400 1143 1480 1227; x_wconf 84' lang='lat' dir='ltr'>agit:</span> 
     </span>
     <span class='ocr_line' id='line_1_9' title="bbox 259 1248 1482 1332; baseline -0.001 -18"><span class='ocrx_word' id='word_1_70' title='bbox 259 1270 340 1332; x_wconf 89' lang='lat' dir='ltr'>quas</span> <span class='ocrx_word' id='word_1_71' title='bbox 364 1269 427 1332; x_wconf 92' lang='lat' dir='ltr'>quo</span> <span class='ocrx_word' id='word_1_72' title='bbox 451 1248 615 1316; x_wconf 81' lang='lat' dir='ltr'>faciliores</span> <span class='ocrx_word' id='word_1_73' title='bbox 640 1250 704 1316; x_wconf 89' lang='lat' dir='ltr'>sint</span> <span class='ocrx_word' id='word_1_74' title='bbox 726 1249 892 1314; x_wconf 92' lang='lat' dir='ltr'>intellectu</span> <span class='ocrx_word' id='word_1_75' title='bbox 922 1269 960 1314; x_wconf 93' lang='lat' dir='ltr'>eo</span> <span class='ocrx_word' id='word_1_76' title='bbox 985 1248 1064 1313; x_wconf 91' lang='lat' dir='ltr'>dicit</span> <span class='ocrx_word' id='word_1_77' title='bbox 1092 1269 1164 1315; x_wconf 90' lang='lat' dir='ltr'>esse</span> <span class='ocrx_word' id='word_1_78' title='bbox 1193 1249 1351 1316; x_wconf 90' lang='lat' dir='ltr'>meliores.</span> <span class='ocrx_word' id='word_1_79' title='bbox 1399 1249 1482 1314; x_wconf 91' lang='lat' dir='ltr'>dein-</span> 
     </span>
     <span class='ocr_line' id='line_1_10' title="bbox 258 1355 1482 1442; baseline -0.002 -20"><span class='ocrx_word' id='word_1_80' title='bbox 258 1377 335 1442; x_wconf 90' lang='lat' dir='ltr'>ceps</span> <span class='ocrx_word' id='word_1_81' title='bbox 359 1358 388 1438; x_wconf 75' lang='lat'>§¹</span> <span class='ocrx_word' id='word_1_82' title='bbox 409 1361 477 1423; x_wconf 71' lang='lat'>76⁸0</span> <span class='ocrx_word' id='word_1_83' title='bbox 505 1358 604 1423; x_wconf 89' lang='lat' dir='ltr'>uerba</span> <span class='ocrx_word' id='word_1_84' title='bbox 629 1365 702 1424; x_wconf 86' lang='lat' dir='ltr'>sunt</span> <span class='ocrx_word' id='word_1_85' title='bbox 725 1357 821 1422; x_wconf 90' lang='lat' dir='ltr'>baec:</span> <span class='ocrx_word' id='word_1_86' title='bbox 846 1355 933 1440; x_wconf 90' lang='lat' dir='ltr'>quod</span> <span class='ocrx_word' id='word_1_87' title='bbox 957 1355 1086 1439; x_wconf 91' lang='lat' dir='ltr'>quidem</span> <span class='ocrx_word' id='word_1_88' title='bbox 1115 1377 1218 1440; x_wconf 85' lang='lat' dir='ltr'>genus</span> <span class='ocrx_word' id='word_1_89' title='bbox 1248 1377 1268 1421; x_wconf 87' lang='lat' dir='ltr'>a</span> <span class='ocrx_word' id='word_1_90' title='bbox 1291 1356 1482 1439; x_wconf 89' lang='lat' dir='ltr'>quibusdam</span> 
     </span>
     <span class='ocr_line' id='line_1_11' title="bbox 258 1462 1482 1546; baseline 0.001 -19"><span class='ocrx_word' id='word_1_91' title='bbox 258 1462 490 1528; x_wconf 88' lang='lat' dir='ltr'>declamatoria</span> <span class='ocrx_word' id='word_1_92' title='bbox 522 1464 661 1529; x_wconf 84' lang='lat' dir='ltr'>maxime</span> <span class='ocrx_word' id='word_1_93' title='bbox 693 1463 825 1530; x_wconf 89' lang='lat' dir='ltr'>licentia</span> <span class='ocrx_word' id='word_1_94' title='bbox 859 1470 1078 1546; x_wconf 87' lang='lat' dir='ltr'>corruptum</span> <span class='ocrx_word' id='word_1_95' title='bbox 1118 1471 1181 1529; x_wconf 88' lang='lat' dir='ltr'>est:</span> <span class='ocrx_word' id='word_1_96' title='bbox 1219 1484 1294 1527; x_wconf 90' lang='lat' dir='ltr'>nam</span> <span class='ocrx_word' id='word_1_97' title='bbox 1327 1471 1360 1528; x_wconf 90' lang='lat' dir='ltr'>et</span> <span class='ocrx_word' id='word_1_98' title='bbox 1391 1464 1482 1529; x_wconf 87' lang='lat' dir='ltr'>falsis</span> 
     </span>
     <span class='ocr_line' id='line_1_12' title="bbox 257 1568 1482 1656; baseline 0 -22"><span class='ocrx_word' id='word_1_99' title='bbox 257 1576 400 1656; x_wconf 89' lang='lat' dir='ltr'>utuntur,</span> <span class='ocrx_word' id='word_1_100' title='bbox 430 1591 491 1636; x_wconf 90' lang='lat' dir='ltr'>uec</span> <span class='ocrx_word' id='word_1_101' title='bbox 513 1571 571 1636; x_wconf 87' lang='lat' dir='ltr'>illa</span> <span class='ocrx_word' id='word_1_102' title='bbox 594 1572 635 1637; x_wconf 90' lang='lat' dir='ltr'>iis</span> <span class='ocrx_word' id='word_1_103' title='bbox 660 1571 775 1654; x_wconf 86' lang='lat' dir='ltr'>quibus</span> <span class='ocrx_word' id='word_1_104' title='bbox 800 1570 919 1636; x_wconf 89' lang='lat' dir='ltr'>similia</span> <span class='ocrx_word' id='word_1_105' title='bbox 943 1568 1047 1634; x_wconf 93' lang='lat' dir='ltr'>uideri</span> <span class='ocrx_word' id='word_1_106' title='bbox 1070 1569 1182 1634; x_wconf 91' lang='lat' dir='ltr'>uolunt</span> <span class='ocrx_word' id='word_1_107' title='bbox 1201 1568 1377 1654; x_wconf 76' lang='lat' dir='ltr'>adplicant.</span> <span class='ocrx_word' id='word_1_108' title='bbox 1409 1591 1482 1654; x_wconf 93' lang='lat' dir='ltr'>quo-</span> 
     </span>
     <span class='ocr_line' id='line_1_13' title="bbox 256 1676 1481 1760; baseline -0.002 -19"><span class='ocrx_word' id='word_1_109' title='bbox 256 1697 326 1741; x_wconf 90' lang='lat' dir='ltr'>rum</span> <span class='ocrx_word' id='word_1_110' title='bbox 357 1683 525 1760; x_wconf 88' lang='lat' dir='ltr'>utrumque</span> <span class='ocrx_word' id='word_1_111' title='bbox 557 1678 590 1743; x_wconf 94' lang='lat' dir='ltr'>in</span> <span class='ocrx_word' id='word_1_112' title='bbox 622 1676 673 1744; x_wconf 94' lang='lat' dir='ltr'>bis</span> <span class='ocrx_word' id='word_1_113' title='bbox 706 1684 757 1744; x_wconf 92' lang='lat' dir='ltr'>est</span> <span class='ocrx_word' id='word_1_114' title='bbox 788 1697 872 1760; x_wconf 90' lang='lat' dir='ltr'>quae</span> <span class='ocrx_word' id='word_1_115' title='bbox 909 1697 960 1742; x_wconf 90' lang='lat' dir='ltr'>me</span> <span class='ocrx_word' id='word_1_116' title='bbox 1000 1677 1165 1758; x_wconf 90' lang='lat' dir='ltr'>iuuene¹¹)</span> <span class='ocrx_word' id='word_1_117' title='bbox 1213 1677 1328 1759; x_wconf 90' lang='lat' dir='ltr'>ubique</span> <span class='ocrx_word' id='word_1_118' title='bbox 1361 1677 1481 1742; x_wconf 88' lang='lat' dir='ltr'>cantari</span> 
     </span>
     <span class='ocr_line' id='line_1_14' title="bbox 257 1783 1482 1868; baseline -0.001 -18"><span class='ocrx_word' id='word_1_119' title='bbox 257 1784 419 1850; x_wconf 89' lang='lat' dir='ltr'>solebant:</span> <span class='ocrx_word' id='word_1_120' title='bbox 443 1805 633 1867; x_wconf 83' lang='lat' dir='ltr'>magnorum</span> <span class='ocrx_word' id='word_1_121' title='bbox 656 1785 825 1849; x_wconf 92' lang='lat' dir='ltr'>fluminum</span> <span class='ocrx_word' id='word_1_122' title='bbox 848 1784 1053 1866; x_wconf 83' lang='lat' dir='ltr'>nauigabiles</span> <span class='ocrx_word' id='word_1_123' title='bbox 1078 1783 1183 1849; x_wconf 89' lang='lat' dir='ltr'>fontes</span> <span class='ocrx_word' id='word_1_124' title='bbox 1208 1791 1289 1868; x_wconf 90' lang='lat' dir='ltr'>sunt,</span> <span class='ocrx_word' id='word_1_125' title='bbox 1319 1791 1364 1850; x_wconf 90' lang='lat' dir='ltr'>et:</span> <span class='ocrx_word' id='word_1_126' title='bbox 1390 1805 1482 1868; x_wconf 84' lang='lat' dir='ltr'>gene-</span> 
     </span>
     <span class='ocr_line' id='line_1_15' title="bbox 256 1891 1112 1977; baseline -0.001 -20"><span class='ocrx_word' id='word_1_127' title='bbox 256 1892 388 1958; x_wconf 87' lang='lat' dir='ltr'>rosioris</span> <span class='ocrx_word' id='word_1_128' title='bbox 412 1892 537 1958; x_wconf 89' lang='lat' dir='ltr'>arboris</span> <span class='ocrx_word' id='word_1_129' title='bbox 561 1893 671 1959; x_wconf 89' lang='lat' dir='ltr'>statim</span> <span class='ocrx_word' id='word_1_130' title='bbox 693 1892 807 1977; x_wconf 88' lang='lat' dir='ltr'>planta</span> <span class='ocrx_word' id='word_1_131' title='bbox 831 1912 902 1957; x_wconf 87' lang='lat' dir='ltr'>curn</span> <span class='ocrx_word' id='word_1_132' title='bbox 926 1891 1029 1956; x_wconf 84' lang='lat' dir='ltr'>fructu</span> <span class='ocrx_word' id='word_1_133' title='bbox 1054 1898 1112 1956; x_wconf 89' lang='lat' dir='ltr'>est.</span> 
     </span>
    </p>
   </div>
   <div class='ocr_carea' id='block_1_3' title="bbox 252 2015 1482 4353">
    <p class='ocr_par' dir='ltr' id='par_1_4' title="bbox 252 2015 1482 4353">
     <span class='ocr_line' id='line_1_16' title="bbox 346 2015 1482 2084; baseline 0 -1"><span class='ocrx_word' id='word_1_134' title='bbox 346 2017 533 2083; x_wconf 84' lang='lat' dir='ltr'>Orationem</span> <span class='ocrx_word' id='word_1_135' title='bbox 553 2025 668 2084; x_wconf 88' lang='lat' dir='ltr'>ornant</span> <span class='ocrx_word' id='word_1_136' title='bbox 682 2018 781 2083; x_wconf 88' lang='lat' dir='ltr'>etiam</span> <span class='ocrx_word' id='word_1_137' title='bbox 795 2016 1020 2084; x_wconf 89' lang='lat' dir='ltr'>sententiae.</span> <span class='ocrx_word' id='word_1_138' title='bbox 1052 2015 1134 2080; x_wconf 90' lang='lat' dir='ltr'>haec</span> <span class='ocrx_word' id='word_1_139' title='bbox 1148 2037 1213 2081; x_wconf 84' lang='lat' dir='ltr'>uox</span> <span class='ocrx_word' id='word_1_140' title='bbox 1233 2016 1261 2082; x_wconf 92' lang='lat' dir='ltr'>si</span> <span class='ocrx_word' id='word_1_141' title='bbox 1277 2016 1309 2080; x_wconf 94' lang='lat' dir='ltr'>ui</span> <span class='ocrx_word' id='word_1_142' title='bbox 1324 2016 1482 2083; x_wconf 87' lang='lat' dir='ltr'>rhetorica</span> 
     </span>
     <span class='ocr_line' id='line_1_17' title="bbox 255 2123 1478 2211; baseline 0 -21"><span class='ocrx_word' id='word_1_143' title='bbox 255 2133 441 2210; x_wconf 89' lang='lat' dir='ltr'>usurpatur,</span> <span class='ocrx_word' id='word_1_144' title='bbox 469 2124 592 2190; x_wconf 88' lang='lat' dir='ltr'>indicat</span> <span class='ocrx_word' id='word_1_145' title='bbox 624 2126 824 2192; x_wconf 88' lang='lat' dir='ltr'>enuntiatum</span> <span class='ocrx_word' id='word_1_146' title='bbox 853 2123 1025 2208; x_wconf 87' lang='lat' dir='ltr'>eiusmodi,</span> <span class='ocrx_word' id='word_1_147' title='bbox 1058 2123 1143 2206; x_wconf 90' lang='lat' dir='ltr'>quod</span> <span class='ocrx_word' id='word_1_148' title='bbox 1168 2143 1237 2188; x_wconf 91' lang='lat' dir='ltr'>oum</span> <span class='ocrx_word' id='word_1_149' title='bbox 1262 2145 1297 2188; x_wconf 92' lang='lat' dir='ltr'>re</span> <span class='ocrx_word' id='word_1_150' title='bbox 1320 2145 1385 2189; x_wconf 95' lang='lat' dir='ltr'>non</span> <span class='ocrx_word' id='word_1_151' title='bbox 1408 2145 1478 2211; x_wconf 88' lang='lat' dir='ltr'>pos-</span> 
     </span>
     <span class='ocr_line' id='line_1_18' title="bbox 255 2230 1480 2318; baseline 0 -22"><span class='ocrx_word' id='word_1_152' title='bbox 255 2233 382 2318; x_wconf 93' lang='lat' dir='ltr'>tuletur,</span> <span class='ocrx_word' id='word_1_153' title='bbox 406 2240 514 2298; x_wconf 90' lang='lat' dir='ltr'>tamen</span> <span class='ocrx_word' id='word_1_154' title='bbox 538 2233 702 2315; x_wconf 81' lang='lat' dir='ltr'>grauitate</span> <span class='ocrx_word' id='word_1_155' title='bbox 726 2239 758 2297; x_wconf 88' lang='lat' dir='ltr'>et</span> <span class='ocrx_word' id='word_1_156' title='bbox 782 2230 898 2297; x_wconf 91' lang='lat' dir='ltr'>decore</span> <span class='ocrx_word' id='word_1_157' title='bbox 922 2231 1099 2295; x_wconf 91' lang='lat' dir='ltr'>orationem</span> <span class='ocrx_word' id='word_1_158' title='bbox 1128 2231 1250 2296; x_wconf 86' lang='lat' dir='ltr'>efferat.</span> <span class='ocrx_word' id='word_1_159' title='bbox 1295 2230 1338 2299; x_wconf 87' lang='lat' dir='ltr'>de</span> <span class='ocrx_word' id='word_1_160' title='bbox 1367 2234 1480 2315; x_wconf 89' lang='lat' dir='ltr'>quibus</span> 
     </span>
     <span class='ocr_line' id='line_1_19' title="bbox 257 2337 1481 2426; baseline -0.002 -22"><span class='ocrx_word' id='word_1_161' title='bbox 257 2339 425 2404; x_wconf 87' lang='lat' dir='ltr'>sententiis</span> <span class='ocrx_word' id='word_1_162' title='bbox 448 2339 570 2405; x_wconf 84' lang='lat' dir='ltr'>Fabius</span> <span class='ocrx_word' id='word_1_163' title='bbox 599 2340 677 2404; x_wconf 91' lang='lat' dir='ltr'>VIII</span> <span class='ocrx_word' id='word_1_164' title='bbox 704 2340 725 2404; x_wconf 81' lang='lat'>5</span> <span class='ocrx_word' id='word_1_165' title='bbox 755 2343 775 2420; x_wconf 62' lang='grc' dir='ltr'>ξ</span> <span class='ocrx_word' id='word_1_166' title='bbox 805 2341 826 2404; x_wconf 84' lang='grc'>2</span> <span class='ocrx_word' id='word_1_167' title='bbox 856 2337 935 2403; x_wconf 87' lang='lat' dir='ltr'>dicit</span> <span class='ocrx_word' id='word_1_168' title='bbox 962 2337 1058 2402; x_wconf 89' lang='lat' dir='ltr'>haec:</span> <span class='ocrx_word' id='word_1_169' title='bbox 1091 2338 1195 2403; x_wconf 87' lang='lat' dir='ltr'>minus</span> <span class='ocrx_word' id='word_1_170' title='bbox 1229 2339 1362 2404; x_wconf 76' lang='lat' dir='ltr'>crebrae</span> <span class='ocrx_word' id='word_1_171' title='bbox 1395 2337 1481 2426; x_wconf 89' lang='lat' dir='ltr'>apud</span> 
     </span>
     <span class='ocr_line' id='line_1_20' title="bbox 256 2444 1480 2531; baseline 0 -21"><span class='ocrx_word' id='word_1_172' title='bbox 256 2446 406 2529; x_wconf 88' lang='lat' dir='ltr'>antiquos</span> <span class='ocrx_word' id='word_1_173' title='bbox 438 2447 559 2512; x_wconf 90' lang='lat' dir='ltr'>nostris</span> <span class='ocrx_word' id='word_1_174' title='bbox 592 2446 791 2531; x_wconf 85' lang='lat' dir='ltr'>temporibus</span> <span class='ocrx_word' id='word_1_175' title='bbox 823 2444 919 2509; x_wconf 93' lang='lat' dir='ltr'>modo</span> <span class='ocrx_word' id='word_1_176' title='bbox 959 2452 1078 2510; x_wconf 88' lang='lat' dir='ltr'>carent.</span> <span class='ocrx_word' id='word_1_177' title='bbox 1126 2453 1202 2530; x_wconf 91' lang='lat' dir='ltr'>post</span> <span class='ocrx_word' id='word_1_178' title='bbox 1225 2446 1295 2529; x_wconf 82' lang='lat' dir='ltr'>agit</span> <span class='ocrx_word' id='word_1_179' title='bbox 1333 2445 1375 2512; x_wconf 90' lang='lat' dir='ltr'>de</span> <span class='ocrx_word' id='word_1_180' title='bbox 1414 2468 1480 2513; x_wconf 91' lang='lat' dir='ltr'>sen-</span> 
     </span>
     <span class='ocr_line' id='line_1_21' title="bbox 256 2550 1480 2639; baseline 0 -20"><span class='ocrx_word' id='word_1_181' title='bbox 256 2554 428 2619; x_wconf 88' lang='lat' dir='ltr'>tentiarum</span> <span class='ocrx_word' id='word_1_182' title='bbox 452 2552 644 2638; x_wconf 89' lang='lat' dir='ltr'>quibusdam</span> <span class='ocrx_word' id='word_1_183' title='bbox 668 2553 848 2637; x_wconf 81' lang='lat' dir='ltr'>generibus,</span> <span class='ocrx_word' id='word_1_184' title='bbox 873 2573 891 2617; x_wconf 91' lang='lat' dir='ltr'>e</span> <span class='ocrx_word' id='word_1_185' title='bbox 915 2552 1030 2634; x_wconf 87' lang='lat' dir='ltr'>quibus</span> <span class='ocrx_word' id='word_1_186' title='bbox 1059 2550 1094 2615; x_wconf 92' lang='lat' dir='ltr'>id</span> <span class='ocrx_word' id='word_1_187' title='bbox 1117 2553 1256 2618; x_wconf 87' lang='lat' dir='ltr'>maxime</span> <span class='ocrx_word' id='word_1_188' title='bbox 1280 2575 1300 2616; x_wconf 88' lang='lat' dir='ltr'>a</span> <span class='ocrx_word' id='word_1_189' title='bbox 1323 2555 1480 2639; x_wconf 87' lang='lat' dir='ltr'>corruptis</span> 
     </span>
     <span class='ocr_line' id='line_1_22' title="bbox 255 2659 1480 2743; baseline -0.001 -18"><span class='ocrx_word' id='word_1_190' title='bbox 255 2659 442 2726; x_wconf 86' lang='lat' dir='ltr'>adamatum</span> <span class='ocrx_word' id='word_1_191' title='bbox 464 2660 593 2726; x_wconf 86' lang='lat' dir='ltr'>uidetur</span> <span class='ocrx_word' id='word_1_192' title='bbox 616 2660 717 2726; x_wconf 87' lang='lat' dir='ltr'>fuisse</span> <span class='ocrx_word' id='word_1_193' title='bbox 732 2659 818 2743; x_wconf 90' lang='lat' dir='ltr'>quod</span> <span class='ocrx_word' id='word_1_194' title='bbox 835 2666 885 2725; x_wconf 87' lang='lat' dir='ltr'>est</span> <span class='ocrx_word' id='word_1_195' title='bbox 909 2659 1181 2725; x_wconf 88' lang='lat' dir='ltr'>clausularum.</span> <span class='ocrx_word' id='word_1_196' title='bbox 1215 2660 1362 2726; x_wconf 86' lang='lat' dir='ltr'>clausula</span> <span class='ocrx_word' id='word_1_197' title='bbox 1391 2668 1480 2725; x_wconf 91' lang='lat' dir='ltr'>ornat</span> 
     </span>
     <span class='ocr_line' id='line_1_23' title="bbox 255 2766 1479 2854; baseline 0.001 -24"><span class='ocrx_word' id='word_1_198' title='bbox 255 2766 350 2834; x_wconf 90' lang='lat' dir='ltr'>finem</span> <span class='ocrx_word' id='word_1_199' title='bbox 375 2768 531 2833; x_wconf 91' lang='lat' dir='ltr'>enuntiati</span> <span class='ocrx_word' id='word_1_200' title='bbox 556 2774 612 2833; x_wconf 88' lang='lat' dir='ltr'>aut</span> <span class='ocrx_word' id='word_1_201' title='bbox 634 2768 776 2854; x_wconf 89' lang='lat' dir='ltr'>periodi:</span> <span class='ocrx_word' id='word_1_202' title='bbox 800 2768 854 2850; x_wconf 88' lang='lat' dir='ltr'>qui</span> <span class='ocrx_word' id='word_1_203' title='bbox 879 2767 907 2833; x_wconf 88' lang='lat' dir='ltr'>si</span> <span class='ocrx_word' id='word_1_204' title='bbox 932 2787 1011 2833; x_wconf 92' lang='lat' dir='ltr'>sono</span> <span class='ocrx_word' id='word_1_205' title='bbox 1036 2768 1129 2849; x_wconf 89' lang='lat' dir='ltr'>graui</span> <span class='ocrx_word' id='word_1_206' title='bbox 1157 2787 1252 2832; x_wconf 87' lang='lat' dir='ltr'>aures</span> <span class='ocrx_word' id='word_1_207' title='bbox 1282 2767 1479 2834; x_wconf 89' lang='lat' dir='ltr'>audientium</span> 
     </span>
     <span class='ocr_line' id='line_1_24' title="bbox 254 2858 1479 2960; baseline 0 -23"><span class='ocrx_word' id='word_1_208' title='bbox 254 2858 379 2960; x_wconf 89' lang='lat' dir='ltr'>implet,</span> <span class='ocrx_word' id='word_1_209' title='bbox 403 2875 508 2958; x_wconf 85' lang='lat' dir='ltr'>magis</span> <span class='ocrx_word' id='word_1_210' title='bbox 531 2896 640 2940; x_wconf 90' lang='lat' dir='ltr'>eorum</span> <span class='ocrx_word' id='word_1_211' title='bbox 658 2883 766 2941; x_wconf 92' lang='lat' dir='ltr'>mouet</span> <span class='ocrx_word' id='word_1_212' title='bbox 787 2875 920 2959; x_wconf 89' lang='lat' dir='ltr'>animos,</span> <span class='ocrx_word' id='word_1_213' title='bbox 944 2895 1040 2957; x_wconf 86' lang='lat' dir='ltr'>quam</span> <span class='ocrx_word' id='word_1_214' title='bbox 1065 2873 1092 2939; x_wconf 91' lang='lat' dir='ltr'>si</span> <span class='ocrx_word' id='word_1_215' title='bbox 1108 2872 1235 2939; x_wconf 88' lang='lat' dir='ltr'>leuibus</span> <span class='ocrx_word' id='word_1_216' title='bbox 1249 2875 1357 2940; x_wconf 88' lang='lat' dir='ltr'>uerbis</span> <span class='ocrx_word' id='word_1_217' title='bbox 1379 2876 1479 2940; x_wconf 88' lang='lat' dir='ltr'>oratio</span> 
     </span>
     <span class='ocr_line' id='line_1_25' title="bbox 254 2981 1479 3066; baseline 0 -22"><span class='ocrx_word' id='word_1_218' title='bbox 254 3001 318 3045; x_wconf 91' lang='lat' dir='ltr'>non</span> <span class='ocrx_word' id='word_1_219' title='bbox 350 2989 416 3047; x_wconf 89' lang='lat' dir='ltr'>tam</span> <span class='ocrx_word' id='word_1_220' title='bbox 447 2983 568 3049; x_wconf 87' lang='lat' dir='ltr'>desinit</span> <span class='ocrx_word' id='word_1_221' title='bbox 596 3004 693 3066; x_wconf 89' lang='lat' dir='ltr'>quarn</span> <span class='ocrx_word' id='word_1_222' title='bbox 724 2982 898 3048; x_wconf 85' lang='lat' dir='ltr'>euanescit.</span> <span class='ocrx_word' id='word_1_223' title='bbox 950 2981 1013 3045; x_wconf 90' lang='lat' dir='ltr'>bac</span> <span class='ocrx_word' id='word_1_224' title='bbox 1041 2981 1272 3046; x_wconf 87' lang='lat' dir='ltr'>obseruatione·</span> <span class='ocrx_word' id='word_1_225' title='bbox 1301 2983 1479 3049; x_wconf 90' lang='lat' dir='ltr'>rectissime</span> 
     </span>
     <span class='ocr_line' id='line_1_26' title="bbox 255 3087 1479 3175; baseline -0.001 -22"><span class='ocrx_word' id='word_1_226' title='bbox 255 3087 343 3153; x_wconf 87' lang='lat' dir='ltr'>facta</span> <span class='ocrx_word' id='word_1_227' title='bbox 365 3110 467 3174; x_wconf 89' lang='lat' dir='ltr'>praue</span> <span class='ocrx_word' id='word_1_228' title='bbox 489 3091 537 3154; x_wconf 90' lang='lat' dir='ltr'>ita</span> <span class='ocrx_word' id='word_1_229' title='bbox 564 3091 736 3156; x_wconf 89' lang='lat' dir='ltr'>utebantur</span> <span class='ocrx_word' id='word_1_230' title='bbox 763 3090 916 3174; x_wconf 86' lang='lat' dir='ltr'>corrupti,</span> <span class='ocrx_word' id='word_1_231' title='bbox 949 3095 985 3153; x_wconf 93' lang='lat' dir='ltr'>ut</span> <span class='ocrx_word' id='word_1_232' title='bbox 1012 3109 1097 3153; x_wconf 89' lang='lat' dir='ltr'>uano</span> <span class='ocrx_word' id='word_1_233' title='bbox 1131 3096 1163 3153; x_wconf 94' lang='lat' dir='ltr'>et</span> <span class='ocrx_word' id='word_1_234' title='bbox 1190 3088 1312 3153; x_wconf 90' lang='lat' dir='ltr'>tumido</span> <span class='ocrx_word' id='word_1_235' title='bbox 1346 3091 1479 3175; x_wconf 87' lang='lat' dir='ltr'>strepitu</span> 
     </span>
     <span class='ocr_line' id='line_1_27' title="bbox 254 3194 1479 3281; baseline -0.002 -21"><span class='ocrx_word' id='word_1_236' title='bbox 254 3195 406 3281; x_wconf 89' lang='lat' dir='ltr'>periodos</span> <span class='ocrx_word' id='word_1_237' title='bbox 443 3196 640 3263; x_wconf 90' lang='lat' dir='ltr'>clauderent.</span> <span class='ocrx_word' id='word_1_238' title='bbox 695 3196 782 3280; x_wconf 90' lang='lat' dir='ltr'>quod</span> <span class='ocrx_word' id='word_1_239' title='bbox 804 3196 926 3262; x_wconf 84' lang='lat' dir='ltr'>Fabius</span> <span class='ocrx_word' id='word_1_240' title='bbox 954 3203 1046 3260; x_wconf 88' lang='lat' dir='ltr'>notat</span> <span class='ocrx_word' id='word_1_241' title='bbox 1078 3195 1129 3260; x_wconf 95' lang='lat' dir='ltr'>ld</span> <span class='ocrx_word' id='word_1_242' title='bbox 1159 3199 1178 3276; x_wconf 66' lang='grc' dir='ltr'>ξ</span> <span class='ocrx_word' id='word_1_243' title='bbox 1209 3198 1249 3262; x_wconf 85' lang='grc'>13</span> <span class='ocrx_word' id='word_1_244' title='bbox 1274 3216 1313 3278; x_wconf 89' lang='lat' dir='ltr'>sq</span> <span class='ocrx_word' id='word_1_245' title='bbox 1335 3194 1420 3262; x_wconf 90' lang='lat' dir='ltr'>hunc</span> <span class='ocrx_word' id='word_1_246' title='bbox 1447 3196 1479 3259; x_wconf 93' lang='lat' dir='ltr'>in</span> 
     </span>
     <span class='ocr_line' id='line_1_28' title="bbox 253 3302 1478 3388; baseline 0.002 -22"><span class='ocrx_word' id='word_1_247' title='bbox 253 3302 396 3367; x_wconf 87' lang='lat' dir='ltr'>modum:</span> <span class='ocrx_word' id='word_1_248' title='bbox 421 3310 557 3369; x_wconf 88' lang='lat' dir='ltr'>uocatur</span> <span class='ocrx_word' id='word_1_249' title='bbox 581 3303 704 3388; x_wconf 88' lang='lat' dir='ltr'>aliquid</span> <span class='ocrx_word' id='word_1_250' title='bbox 729 3310 761 3369; x_wconf 90' lang='lat' dir='ltr'>et</span> <span class='ocrx_word' id='word_1_251' title='bbox 784 3303 946 3368; x_wconf 86' lang='lat' dir='ltr'>clausula:</span> <span class='ocrx_word' id='word_1_252' title='bbox 972 3324 1055 3386; x_wconf 90' lang='lat' dir='ltr'>quae</span> <span class='ocrx_word' id='word_1_253' title='bbox 1080 3303 1108 3368; x_wconf 86' lang='lat' dir='ltr'>si</span> <span class='ocrx_word' id='word_1_254' title='bbox 1127 3311 1177 3368; x_wconf 89' lang='lat' dir='ltr'>est</span> <span class='ocrx_word' id='word_1_255' title='bbox 1201 3303 1287 3386; x_wconf 93' lang='lat' dir='ltr'>quod</span> <span class='ocrx_word' id='word_1_256' title='bbox 1303 3304 1478 3370; x_wconf 90' lang='lat' dir='ltr'>conclusio-</span> 
     </span>
     <span class='ocr_line' id='line_1_29' title="bbox 253 3410 1479 3496; baseline 0 -22"><span class='ocrx_word' id='word_1_257' title='bbox 253 3431 327 3474; x_wconf 95' lang='lat' dir='ltr'>nem</span> <span class='ocrx_word' id='word_1_258' title='bbox 350 3410 500 3496; x_wconf 82' lang='lat' dir='ltr'>dicimus,</span> <span class='ocrx_word' id='word_1_259' title='bbox 530 3417 562 3476; x_wconf 90' lang='lat' dir='ltr'>et</span> <span class='ocrx_word' id='word_1_260' title='bbox 585 3417 675 3476; x_wconf 89' lang='lat' dir='ltr'>recta</span> <span class='ocrx_word' id='word_1_261' title='bbox 700 3418 732 3476; x_wconf 92' lang='lat' dir='ltr'>et</span> <span class='ocrx_word' id='word_1_262' title='bbox 761 3410 954 3493; x_wconf 89' lang='lat' dir='ltr'>quibusdam</span> <span class='ocrx_word' id='word_1_263' title='bbox 980 3411 1014 3474; x_wconf 92' lang='lat' dir='ltr'>in</span> <span class='ocrx_word' id='word_1_264' title='bbox 1041 3410 1188 3494; x_wconf 88' lang='lat' dir='ltr'>partibus</span> <span class='ocrx_word' id='word_1_265' title='bbox 1215 3412 1404 3477; x_wconf 86' lang='lat' dir='ltr'>necessaria</span> <span class='ocrx_word' id='word_1_266' title='bbox 1431 3417 1479 3477; x_wconf 90' lang='lat' dir='ltr'>est</span> 
     </span>
     <span class='ocr_line' id='line_1_30' title="bbox 355 3514 1478 3604; baseline -0.002 -21.165"><span class='ocrx_word' id='word_1_267' title='bbox 355 3514 548 3604; x_wconf 86' lang='lat' dir='ltr'>[exemplum</span> <span class='ocrx_word' id='word_1_268' title='bbox 572 3538 612 3582; x_wconf 84' lang='lat' dir='ltr'>ex</span> <span class='ocrx_word' id='word_1_269' title='bbox 636 3514 813 3603; x_wconf 76' lang='lat' dir='ltr'>Ciceronel.</span> <span class='ocrx_word' id='word_1_270' title='bbox 859 3516 918 3583; x_wconf 90' lang='lat' dir='ltr'>sed</span> <span class='ocrx_word' id='word_1_271' title='bbox 940 3537 1025 3582; x_wconf 91' lang='lat' dir='ltr'>nunc</span> <span class='ocrx_word' id='word_1_272' title='bbox 1048 3518 1138 3584; x_wconf 90' lang='lat' dir='ltr'>aliud</span> <span class='ocrx_word' id='word_1_273' title='bbox 1161 3517 1286 3603; x_wconf 90' lang='lat' dir='ltr'>uolunt,</span> <span class='ocrx_word' id='word_1_274' title='bbox 1314 3525 1350 3582; x_wconf 93' lang='lat' dir='ltr'>ut</span> <span class='ocrx_word' id='word_1_275' title='bbox 1378 3519 1478 3583; x_wconf 88' lang='lat' dir='ltr'>omnis</span> 
     </span>
     <span class='ocr_line' id='line_1_31' title="bbox 253 3624 1479 3713; baseline 0.002 -25"><span class='ocrx_word' id='word_1_276' title='bbox 253 3625 353 3713; x_wconf 89' lang='lat' dir='ltr'>locus,</span> <span class='ocrx_word' id='word_1_277' title='bbox 377 3626 481 3692; x_wconf 90' lang='lat' dir='ltr'>omnis</span> <span class='ocrx_word' id='word_1_278' title='bbox 506 3646 620 3691; x_wconf 89' lang='lat' dir='ltr'>sensus</span> <span class='ocrx_word' id='word_1_279' title='bbox 635 3625 677 3689; x_wconf 78' lang='lat' dir='ltr'>¹in</span> <span class='ocrx_word' id='word_1_280' title='bbox 701 3624 763 3688; x_wconf 91' lang='lat' dir='ltr'>fine</span> <span class='ocrx_word' id='word_1_281' title='bbox 788 3624 943 3688; x_wconf 88' lang='lat' dir='ltr'>orationis</span> <span class='ocrx_word' id='word_1_282' title='bbox 967 3624 1062 3689; x_wconf 85' lang='lat' dir='ltr'>feriat</span> <span class='ocrx_word' id='word_1_283' title='bbox 1086 3645 1205 3690; x_wconf 89' lang='lat' dir='ltr'>aurern.</span> <span class='ocrx_word' id='word_1_284' title='bbox 1251 3632 1344 3710; x_wconf 89' lang='lat' dir='ltr'>turpe</span> <span class='ocrx_word' id='word_1_285' title='bbox 1372 3634 1479 3692; x_wconf 90' lang='lat' dir='ltr'>autem</span> 
     </span>
     <span class='ocr_line' id='line_1_32' title="bbox 255 3730 1478 3818; baseline -0.002 -20"><span class='ocrx_word' id='word_1_286' title='bbox 255 3739 287 3798; x_wconf 90' lang='lat' dir='ltr'>et</span> <span class='ocrx_word' id='word_1_287' title='bbox 309 3753 411 3818; x_wconf 90' lang='lat' dir='ltr'>prope</span> <span class='ocrx_word' id='word_1_288' title='bbox 429 3732 522 3797; x_wconf 84' lang='lat' dir='ltr'>nefas</span> <span class='ocrx_word' id='word_1_289' title='bbox 547 3732 667 3797; x_wconf 90' lang='lat' dir='ltr'>ducunt</span> <span class='ocrx_word' id='word_1_290' title='bbox 689 3731 850 3815; x_wconf 86' lang='lat' dir='ltr'>respirare</span> <span class='ocrx_word' id='word_1_291' title='bbox 872 3730 938 3796; x_wconf 93' lang='lat' dir='ltr'>ullo</span> <span class='ocrx_word' id='word_1_292' title='bbox 962 3731 1033 3797; x_wconf 90' lang='lat' dir='ltr'>loco</span> <span class='ocrx_word' id='word_1_293' title='bbox 1057 3732 1112 3814; x_wconf 90' lang='lat' dir='ltr'>qui</span> <span class='ocrx_word' id='word_1_294' title='bbox 1131 3731 1478 3798; x_wconf 89' lang='lat' dir='ltr'>adclamationemnon</span> 
     </span>
     <span class='ocr_line' id='line_1_33' title="bbox 252 3837 1476 3924; baseline -0.003 -20"><span class='ocrx_word' id='word_1_295' title='bbox 252 3839 390 3924; x_wconf 88' lang='lat' dir='ltr'>petierit.</span> <span class='ocrx_word' id='word_1_296' title='bbox 436 3837 512 3904; x_wconf 91' lang='lat' dir='ltr'>inde</span> <span class='ocrx_word' id='word_1_297' title='bbox 536 3838 649 3902; x_wconf 89' lang='lat' dir='ltr'>minuti</span> <span class='ocrx_word' id='word_1_298' title='bbox 673 3837 925 3922; x_wconf 89' lang='lat' dir='ltr'>corruptique</span> <span class='ocrx_word' id='word_1_299' title='bbox 949 3839 1102 3904; x_wconf 89' lang='lat' dir='ltr'>sensiculi</span> <span class='ocrx_word' id='word_1_300' title='bbox 1126 3846 1158 3903; x_wconf 89' lang='lat' dir='ltr'>et</span> <span class='ocrx_word' id='word_1_301' title='bbox 1182 3847 1274 3904; x_wconf 85' lang='lat' dir='ltr'>extra</span> <span class='ocrx_word' id='word_1_302' title='bbox 1288 3860 1356 3904; x_wconf 92' lang='lat' dir='ltr'>rem</span> <span class='ocrx_word' id='word_1_303' title='bbox 1369 3839 1476 3924; x_wconf 91' lang='lat' dir='ltr'>petiti:</span> 
     </span>
     <span class='ocr_line' id='line_1_34' title="bbox 252 3944 1478 4030; baseline 0.001 -20"><span class='ocrx_word' id='word_1_304' title='bbox 252 3967 356 4029; x_wconf 90' lang='lat' dir='ltr'>neque</span> <span class='ocrx_word' id='word_1_305' title='bbox 384 3946 469 4010; x_wconf 91' lang='lat' dir='ltr'>enim</span> <span class='ocrx_word' id='word_1_306' title='bbox 500 3952 638 4030; x_wconf 88' lang='lat' dir='ltr'>possunt</span> <span class='ocrx_word' id='word_1_307' title='bbox 670 3952 737 4009; x_wconf 89' lang='lat' dir='ltr'>tam</span> <span class='ocrx_word' id='word_1_308' title='bbox 769 3944 891 4009; x_wconf 91' lang='lat' dir='ltr'>multae</span> <span class='ocrx_word' id='word_1_309' title='bbox 925 3946 1030 4010; x_wconf 91' lang='lat' dir='ltr'>bonae</span> <span class='ocrx_word' id='word_1_310' title='bbox 1064 3947 1244 4011; x_wconf 88' lang='lat' dir='ltr'>sententiae</span> <span class='ocrx_word' id='word_1_311' title='bbox 1276 3965 1350 4010; x_wconf 86' lang='lat' dir='ltr'>esse</span> <span class='ocrx_word' id='word_1_312' title='bbox 1383 3967 1478 4030; x_wconf 90' lang='lat' dir='ltr'>quam</span> 
     </span>
     <span class='ocr_line' id='line_1_35' title="bbox 252 4051 1477 4140; baseline 0 -22"><span class='ocrx_word' id='word_1_313' title='bbox 252 4073 387 4118; x_wconf 90' lang='lat' dir='ltr'>necesse</span> <span class='ocrx_word' id='word_1_314' title='bbox 411 4059 461 4118; x_wconf 90' lang='lat' dir='ltr'>est</span> <span class='ocrx_word' id='word_1_315' title='bbox 482 4053 604 4117; x_wconf 90' lang='lat' dir='ltr'>multae</span> <span class='ocrx_word' id='word_1_316' title='bbox 633 4052 698 4118; x_wconf 92' lang='lat' dir='ltr'>sint</span> <span class='ocrx_word' id='word_1_317' title='bbox 729 4052 903 4117; x_wconf 88' lang='lat' dir='ltr'>clausulae.</span> <span class='ocrx_word' id='word_1_318' title='bbox 932 4090 974 4098; x_wconf 88' lang='lat'><em>-</em></span> <span class='ocrx_word' id='word_1_319' title='bbox 1004 4053 1158 4138; x_wconf 89' lang='lat' dir='ltr'>deinceps</span> <span class='ocrx_word' id='word_1_320' title='bbox 1187 4051 1331 4118; x_wconf 88' lang='lat' dir='ltr'>eiusdem</span> <span class='ocrx_word' id='word_1_321' title='bbox 1362 4054 1477 4140; x_wconf 88' lang='lat' dir='ltr'>capitis</span> 
     </span>
     <span class='ocr_line' id='line_1_36' title="bbox 253 4160 1476 4243; baseline -0.001 -16"><span class='ocrx_word' id='word_1_322' title='bbox 253 4166 294 4242; x_wconf 57' lang='grc' dir='ltr'>ἐξ</span> <span class='ocrx_word' id='word_1_323' title='bbox 319 4163 450 4227; x_wconf 77' lang='lat'>20-25</span> <span class='ocrx_word' id='word_1_324' title='bbox 475 4166 583 4224; x_wconf 85' lang='lat' dir='ltr'>cetera</span> <span class='ocrx_word' id='word_1_325' title='bbox 608 4160 838 4226; x_wconf 88' lang='lat' dir='ltr'>sententiarum</span> <span class='ocrx_word' id='word_1_326' title='bbox 862 4181 983 4243; x_wconf 86' lang='lat' dir='ltr'>genera</span> <span class='ocrx_word' id='word_1_327' title='bbox 997 4160 1106 4243; x_wconf 89' lang='lat' dir='ltr'>qualia</span> <span class='ocrx_word' id='word_1_328' title='bbox 1129 4161 1162 4226; x_wconf 92' lang='lat' dir='ltr'>in</span> <span class='ocrx_word' id='word_1_329' title='bbox 1186 4181 1246 4226; x_wconf 85' lang='lat' dir='ltr'>usu</span> <span class='ocrx_word' id='word_1_330' title='bbox 1270 4160 1388 4226; x_wconf 84' lang='lat' dir='ltr'>fuerint</span> <span class='ocrx_word' id='word_1_331' title='bbox 1412 4182 1476 4226; x_wconf 88' lang='lat' dir='ltr'>cor·</span> 
     </span>
     <span class='ocr_line' id='line_1_37' title="bbox 252 4267 1476 4353; baseline -0.002 -21"><span class='ocrx_word' id='word_1_332' title='bbox 252 4273 417 4353; x_wconf 90' lang='lat' dir='ltr'>ruptorum</span> <span class='ocrx_word' id='word_1_333' title='bbox 441 4275 607 4332; x_wconf 88' lang='lat' dir='ltr'>enumerat</span> <span class='ocrx_word' id='word_1_334' title='bbox 622 4275 654 4332; x_wconf 86' lang='lat' dir='ltr'>et</span> <span class='ocrx_word' id='word_1_335' title='bbox 676 4267 833 4352; x_wconf 86' lang='lat' dir='ltr'>exemplis</span> <span class='ocrx_word' id='word_1_336' title='bbox 857 4287 877 4330; x_wconf 91' lang='lat' dir='ltr'>a</span> <span class='ocrx_word' id='word_1_337' title='bbox 901 4267 1031 4352; x_wconf 89' lang='lat' dir='ltr'>seipso</span> <span class='ocrx_word' id='word_1_338' title='bbox 1047 4267 1168 4334; x_wconf 85' lang='lat' dir='ltr'>auditis</span> <span class='ocrx_word' id='word_1_339' title='bbox 1187 4268 1347 4334; x_wconf 87' lang='lat' dir='ltr'>inlustrat.</span> <span class='ocrx_word' id='word_1_340' title='bbox 1371 4268 1476 4332; x_wconf 91' lang='lat' dir='ltr'>omnia</span> 
     </span>
    </p>
   </div>
   <div class='ocr_carea' id='block_1_4' title="bbox 251 4478 1476 4639">
    <p class='ocr_par' dir='ltr' id='par_1_5' title="bbox 251 4478 1476 4639">
     <span class='ocr_line' id='line_1_38' title="bbox 342 4478 1476 4551; baseline -0.002 -17"><span class='ocrx_word' id='word_1_341' title='bbox 342 4478 378 4548; x_wconf 83' lang='lat'>¹¹)</span> <span class='ocrx_word' id='word_1_342' title='bbox 397 4481 532 4550; x_wconf 83' lang='lat' dir='ltr'>Exempla</span> <span class='ocrx_word' id='word_1_343' title='bbox 550 4480 670 4535; x_wconf 83' lang='lat' dir='ltr'>desumit</span> <span class='ocrx_word' id='word_1_344' title='bbox 688 4480 721 4535; x_wconf 89' lang='lat' dir='ltr'>de</span> <span class='ocrx_word' id='word_1_345' title='bbox 740 4499 790 4535; x_wconf 88' lang='lat' dir='ltr'>sna</span> <span class='ocrx_word' id='word_1_346' title='bbox 809 4480 955 4549; x_wconf 83' lang='lat' dir='ltr'>disciplina</span> <span class='ocrx_word' id='word_1_347' title='bbox 972 4481 1099 4535; x_wconf 90' lang='lat' dir='ltr'>iuuenili.</span> <span class='ocrx_word' id='word_1_348' title='bbox 1127 4481 1186 4551; x_wconf 90' lang='lat' dir='ltr'>ipse</span> <span class='ocrx_word' id='word_1_349' title='bbox 1209 4481 1298 4550; x_wconf 84' lang='lat' dir='ltr'>igitur</span> <span class='ocrx_word' id='word_1_350' title='bbox 1316 4479 1476 4550; x_wconf 86' lang='lat' dir='ltr'>acorruptis</span> 
     </span>
     <span class='ocr_line' id='line_1_39' title="bbox 251 4570 1474 4639; baseline -0.002 -17"><span class='ocrx_word' id='word_1_351' title='bbox 251 4571 296 4623; x_wconf 90' lang='lat' dir='ltr'>uel</span> <span class='ocrx_word' id='word_1_352' title='bbox 315 4587 408 4624; x_wconf 88' lang='lat' dir='ltr'>eorum</span> <span class='ocrx_word' id='word_1_353' title='bbox 422 4570 566 4636; x_wconf 88' lang='lat' dir='ltr'>similibus,</span> <span class='ocrx_word' id='word_1_354' title='bbox 587 4587 654 4637; x_wconf 90' lang='lat' dir='ltr'>quos</span> <span class='ocrx_word' id='word_1_355' title='bbox 666 4570 709 4623; x_wconf 89' lang='lat' dir='ltr'>uir</span> <span class='ocrx_word' id='word_1_356' title='bbox 723 4573 805 4625; x_wconf 82' lang='lat' dir='ltr'>tanta</span> <span class='ocrx_word' id='word_1_357' title='bbox 823 4570 866 4624; x_wconf 87' lang='lat' dir='ltr'>ira</span> <span class='ocrx_word' id='word_1_358' title='bbox 880 4571 1061 4639; x_wconf 87' lang='lat' dir='ltr'>persequitur,</span> <span class='ocrx_word' id='word_1_359' title='bbox 1082 4570 1241 4625; x_wconf 89' lang='lat' dir='ltr'>adulescens</span> <span class='ocrx_word' id='word_1_360' title='bbox 1260 4572 1302 4624; x_wconf 86' lang='lat' dir='ltr'>est</span> <span class='ocrx_word' id='word_1_361' title='bbox 1320 4570 1474 4625; x_wconf 86' lang='lat' dir='ltr'>institutus.</span> 
     </span>
    </p>
   </div>
   <div class='ocr_carea' id='block_1_5' title="bbox 0 0 1630 5015">
    <p class='ocr_par' dir='ltr' id='par_1_6' title="bbox 0 0 1630 5015">
     <span class='ocr_line' id='line_1_40' title="bbox 0 0 1630 5015; baseline 0 0"><span class='ocrx_word' id='word_1_362' title='bbox 0 0 1630 5015; x_wconf 95' lang='lat' dir='ltr'> </span> 
     </span>
    </p>
   </div>
  </div>
 </body>
</html>
