3250 5016
737 335 779 401 15

657 426 869 434 -—-—.-

148 531 182 614 3,
215 531 236 595 4
270 525 304 615 (p
341 532 394 614 13,
444 532 485 594 14
518 527 602 594 Jahn
637 561 675 583 =
707 531 723 592 I
759 533 835 615 148,
873 533 910 596 18
948 527 1006 616 Sp)
1039 530 1121 595 haec
1153 530 1375 596 inueniuntur:

145 633 261 700 τόποτ’
286 633 335 701 οόν
357 640 389 700 τὸ
413 639 603 721 μειρακιῶδές
627 636 715 713 iorum
740 637 759 724 ἡ
786 637 844 723 [sic
868 657 939 701 cum
962 637 1069 702 Fabro
1092 657 1151 722 pro
1175 635 1206 724 ἢ]
1232 639 1322 724 δηλον
1336 637 1377 710 ὡς

146 745 329 829 οχολαοτικη
354 750 460 829 νόησις,
484 744 539 808 ὑπὸ
563 751 722 828 περιεργίας
737 747 871 829 λη’γοοοα
894 742 935 817 εἰς
959 750 1139 832 ψοχρότητα;
1165 743 1379 811 ὀλιοθαίνοοοιν

145 847 187 922 εἰς
210 860 296 915 τοῦτο
324 854 356 914 τό
384 856 467 931 γένος
500 848 667 938 ὀρεγόμενοι
699 857 750 938 μὲν
781 861 834 916 τοῦ
861 861 989 936 περιττοῦ
1022 857 1074 915 καὶ
1101 858 1295 939 πεποιημένου
1326 856 1379 916 καὶ

147 959 273 1043 μάλιστα
295 967 347 1022 τοῦ
371 955 469 1045 ἡδέος,
502 957 712 1030 ὲποκέλλοντες
741 959 772 1021 δὲ
799 955 840 1030 εἰς
867 962 899 1021 τό
929 955 1055 1042 ῥωπικόν
1084 962 1136 1022 καὶ
1159 961 1374 1045 κακόζηλον.

237 1083 345 1148 Genus
369 1082 468 1165 igitur
492 1081 576 1166 quod
601 1083 656 1165 qui
679 1083 774 1148 nimis
799 1082 915 1167 cupide
932 1081 1089 1168 adpetunt
1111 1083 1300 1166 longissime
1321 1085 1376 1148 de·

145 1189 280 1254 flectunt
309 1209 329 1254 a
357 1209 434 1254 uero
464 1196 514 1254 est
544 1189 627 1254 illud
657 1189 744 1272 quod
771 1189 934 1255 medium
963 1210 978 1255 s
1008 1189 1190 1255 floridum
1219 1189 1376 1277 (ἀνθηρόν)

147 1295 236 1382 apud
265 1296 410 1362 rhetores
443 1295 541 1360 audit.
599 1296 634 1361 cf
656 1297 725 1361 Inst
748 1297 812 1360 XII
842 1299 887 1381 10,
911 1299 953 1362 58
978 1317 1046 1379 sqq.
1091 1297 1240 1369 medius
1269 1304 1376 1363 autem

145 1404 207 1470 hic
226 1402 357 1469 modus
374 1402 470 1468 debet
485 1423 566 1488 esse,
590 1411 625 1468 ut
648 1410 722 1468 utar
736 1403 844 1469 uerbis
860 1403 963 1487 Fabii,
988 1407 1019 1484 (ξ
1036 1406 1092 1487 60)
1109 1411 1141 1468 et
1157 1404 1376 1470 translationi-

145 1513 206 1577 bus
231 1512 371 1576 crebrior
400 1519 432 1577 et
460 1510 572 1594 figuris
596 1511 774 1595 iucundior,
798 1511 1038 1594 egressionibus
1062 1532 1225 1596 amoenus,
1250 1533 1376 1597 compc-

146 1617 264 1683 siti0ne
288 1626 397 1702 aptus,
427 1619 595 1684 sententiis
620 1617 736 1702 dulcis,
766 1619 869 1684 lenior
896 1624 1020 1698 tamen,
1050 1626 1084 1684 ut
1112 1619 1216 1686 amnis
1249 1619 1375 1684 lucidus

108 1779 110 1784 .
146 1724 276 1808 quidem
284 1716 300 1808 ,’
325 1725 383 1790 sed
412 1724 590 1790 uirentibus
620 1726 778 1807 utrimque
810 1725 889 1810 ripis
918 1725 1127 1793 inumbratus.
1183 1733 1218 1790 ut
1249 1726 1375 1808 largIs

145 1833 244 1914 igitur
268 1832 507 1897 ornamentis
537 1832 702 1914 efferatur,
731 1832 825 1899 huius
855 1833 983 1916 generis
1012 1840 1062 1898 est
1094 1833 1272 1918 proprium:
1297 1853 1373 1916 qua-

144 1945 277 2023 propter
305 1959 376 2003 cum
398 1938 447 2004 illi
471 1942 641 2027 κακόζηλον
663 1939 802 2004 maxime
817 1939 981 2004 imminere
1005 1939 1185 2024 audiamus,
1210 1940 1374 2024 cognosci-

145 2066 216 2111 mus
239 2044 322 2109 illud
351 2045 463 2110 uitium
491 2046 632 2131 positum
661 2066 734 2112 esse
758 2046 791 2109 in
819 2053 980 2112 ornatus
1007 2047 1107 2112 nimia
1131 2046 1373 2133 cupiditate.⁷²·)

145 2160 244 2236 atque
268 2152 303 2217 id
326 2153 432 2238 ipsum
455 2153 553 2239 paulo
579 2160 654 2219 ante
679 2174 719 2219 ex
742 2152 934 2230 Quintiliani
957 2155 1064 2220 uerbis
1089 2154 1311 2222 conclusimus.
1365 2153 1367 2159 ’

236 2365 276 2434 τι-)
296 2368 336 2420 Ex
355 2367 398 2420 his
417 2385 549 2437 apparere
569 2368 695 2422 existimo
718 2368 780 2422 falli
799 2369 823 2421 R
844 2368 1090 2422 Volkmannum
1115 2368 1190 2423 Artis
1210 2367 1374 2422 Rhetoricae

143 2457 307 2510 Graecorum
328 2459 356 2510 et
375 2455 576 2510 Romanorum2
595 2476 614 2526 p
633 2459 683 2512 406
707 2457 855 2512 dicentem:
885 2457 946 2511 Von
965 2457 1121 2511 Demetrius
1138 2499 1142 2509 .
1159 2498 1165 2509 .
1181 2499 1187 2510 .
1204 2498 1209 2509 .
1229 2458 1285 2511 und
1303 2459 1373 2511 noch

142 2547 222 2600 mehr
243 2563 296 2599 von
316 2547 437 2615 Hermog
459 2546 492 2600 de
516 2546 565 2599 inu
583 2546 622 2600 IV
644 2547 676 2600 12
695 2565 713 2615 p
732 2547 784 2600 256
803 2576 838 2583 -
857 2563 940 2614 quem
958 2546 1049 2615 ipsum
1068 2548 1157 2601 locum
1183 2565 1265 2616 supra
1288 2547 1373 2602 attuli

143 2664 171 2674 -
195 2635 266 2689 wird
289 2635 336 2690 das
361 2633 506 2705 κακόζηλον
529 2636 700 2705 heineswegs
718 2636 770 2690 auf
786 2636 839 2690 den
853 2636 996 2690 Ausdruck
1015 2637 1100 2690 allein
1118 2637 1292 2702 beschrdnkt,
1312 2654 1371 2691 scn-

142 2726 210 2780 dern
238 2742 266 2779 es
292 2725 356 2780 fa'llt
384 2727 468 2779 ilmen
492 2725 643 2794 jedwede
671 2725 946 2795 Uebertreibung
972 2726 1006 2779 in
1034 2726 1153 2780 Inhalt
1180 2727 1247 2779 und
1278 2727 1373 2780 Form

143 2816 199 2868 der
218 2816 306 2869 Rode
325 2818 406 2869 unter
425 2815 498 2868 diese
517 2814 716 2884 Bezeichnung.
754 2815 828 2882 quod
846 2831 911 2869 uero
929 2815 972 2868 Ita
995 2815 1099 2884 pergIt:
1129 2816 1182 2869 Der
1201 2814 1307 2884 Begriff
1326 2816 1372 2870 des

142 2901 287 2975 κακόζηλον
301 2905 364 2958 lttllt
379 2921 535 2958 zusammen
550 2905 602 2958 mIt
617 2905 680 2958 dem
694 2903 798 2974 Begriff
809 2905 854 2958 des
870 2903 964 2974 ψυχρόν
980 2921 1035 2972 eqs,
1056 2904 1247 2958 dormitauisse
1261 2905 1372 2959 uidetur

141 2994 228 3048 bonus
261 2994 309 3048 ille
336 2995 477 3048 Homerus.
528 3012 593 3048 nam
622 2995 783 3049 cacozeliam
811 2994 912 3049 uitium
941 3011 998 3048 esse
1026 2993 1129 3048 medii
1156 2995 1292 3063 generis
1319 2995 1329 3048 i
1357 3012 1372 3049 e

142 3079 271 3152 ηλαφοροῦ
294 3089 457 3154 χαρακτῆρος
482 3087 510 3138 et
533 3101 581 3138 nos
606 3084 853 3148 demonstrauimus
873 3087 906 3138 et
929 3083 1001 3152 ipse
1019 3084 1252 3137 Volkmannus
1276 3084 1372 3139 docet

142 3189 160 3239 p
179 3173 229 3225 541
245 3190 284 3240 sq,
309 3173 357 3226 uhi
380 3190 429 3226 nos
447 3174 555 3242 relegat
579 3173 614 3226 ad
636 3174 726 3227 locum
752 3192 769 3228 a
791 3191 835 3228 me
858 3173 1032 3242 exscriptum.
1078 3173 1178 3228 accidit
1201 3173 1289 3243 igitur
1312 3175 1373 3227 uiro

143 3262 221 3317 docto
249 3265 281 3316 ut
309 3263 380 3316 locos
404 3280 471 3331 quos
496 3262 611 3317 conferri
635 3263 721 3316 uellet
749 3281 766 3316 a
789 3264 900 3317 lecturis
923 3264 982 3333 ipse
1005 3281 1060 3317 non
1084 3263 1226 3317 conferret.
1277 3262 1371 3331 ψυχρόν

142 3354 236 3406 autem
255 3352 404 3405 secundum
418 3352 590 3406 Demetrium
604 3352 614 3404 l
629 3352 647 3404 d
666 3353 822 3421 oppositum
837 3356 878 3407 est
893 3352 987 3420 generi
1001 3352 1129 3422 grandi.
1159 3352 1255 3420 ltaque
1269 3368 1371 3419 genera

141 3440 213 3494 inter
233 3457 260 3494 se
280 3440 389 3496 diuersa
407 3441 532 3495 confudit
551 3442 632 3495 homo
652 3440 831 3495 doctissimus.

230 3531 299 3585 Cum
314 3530 415 3600 gaudio
430 3530 504 3584 idem
522 3530 579 3584 fere
594 3530 667 3598 quod
682 3547 765 3599 supra
783 3530 840 3583 dixi
859 3531 915 3600 legi
929 3527 1176 3599 Porphyrionis
1191 3528 1221 3581 in
1235 3546 1369 3583 commen-

140 3621 210 3674 tario
226 3620 261 3674 ad
275 3620 372 3674 Horati
386 3620 483 3674 Artem
497 3638 515 3672 u
530 3620 572 3684 28,
594 3620 643 3673 ubi
662 3621 730 3674 haec
748 3622 871 3673 exstant:
892 3637 1021 3683 erramus,
1036 3618 1138 3686 inquit,
1160 3617 1225 3671 dum
1239 3635 1370 3672 conamur

140 3725 235 3762 ueram
263 3708 399 3762 uirtutem·
439 3709 528 3776 sequi,
557 3709 652 3762 uicina
683 3709 789 3763 uirtute
823 3707 933 3775 [uirtuti
966 3708 1039 3777 apud
1062 3709 1092 3761 M
1098 3725 1231 3776 eyerum
1262 3726 1280 3776 p
1309 3708 1368 3774 345,

140 3796 288 3862 legendum
301 3796 417 3851 forsitan
432 3797 469 3852 sit
482 3797 688 3864 uirtutibus]
700 3797 730 3850 in
740 3798 811 3852 uitia
826 3798 980 3852 incidimus.
999 3815 1065 3851 nam
1074 3796 1196 3851 breuiter
1205 3797 1369 3852 scribentem

140 3885 265 3952 sequitur
283 3887 446 3951 obscuritas,
474 3887 549 3941 leuia
576 3890 784 3956 componentem
807 3887 886 3940 nerui
909 3886 1045 3950 inhibent,
1069 3885 1173 3940 diserta
1195 3887 1368 3956 profitentem

140 3971 275 4044 κακόζηλα
295 3974 366 4044 [lege
381 3973 537 4047 κακοζηλία]
558 3977 664 4032 uitiant
683 3979 775 4045 spreta
793 3993 884 4030 rerum
897 3974 1075 4044 inspectione.
1105 3992 1192 4030 novus
1210 3975 1279 4028 mihi
1290 3975 1368 4030 testis

140 4067 247 4118 exstare
272 4065 346 4118 uisus
366 4069 407 4119 est
426 4065 475 4133 qui
494 4066 682 4121 definitionem
700 4049 830 4124 nostram.
850 4065 873 4118 si
892 4083 960 4134 opus
979 4068 1057 4130 esset,
1077 4066 1212 4133 probaret.
1237 4066 1267 4118 at
1286 4064 1368 4130 idem,

140 4153 244 4221 opinor,
277 4157 325 4219 est,
354 4155 427 4208 idem
457 4158 541 4223 atque
569 4173 652 4224 quem
680 4154 850 4208 audiuimus:
874 4155 946 4223 ipse
969 4157 1019 4208 est
1043 4152 1289 4218 Quintilianus.
1332 4171 1369 4207 an

140 4243 257 4311 cogitari
271 4243 370 4310 nequit
383 4244 523 4298 bominem
537 4243 737 4314 grammaticae
752 4247 780 4298 et
793 4245 942 4298 rhetorices
955 4245 1024 4298 bene
1038 4243 1168 4312 peritum,
1183 4242 1241 4297 siue
1254 4243 1368 4296 alterius

139 4349 157 4399 p
187 4331 242 4386 chr
268 4333 376 4386 saeculo
423 4351 484 4386 cum
513 4333 701 4387 Teuffelio⁴
730 4351 748 4402 p
777 4334 828 4386 877
858 4333 1049 4398 adscribimus,
1084 4332 1143 4386 siue
1175 4337 1273 4400 quarto
1306 4350 1368 4386 cum

139 4421 272 4490 Meyero
292 4422 383 4491 (praef
404 4421 452 4489 Vl)
477 4439 509 4477 ex
527 4421 613 4476 Fabio
631 4422 682 4477 illa
701 4422 870 4492 excerpisse?
889 4423 985 4477 eadem
1003 4425 1075 4476 certe
1094 4423 1178 4476 uerba
1201 4424 1266 4476 sunt
1285 4425 1369 4488 atque

140 4512 268 4566 oratoris:
289 4511 316 4566 cf
339 4513 399 4566 lnst
423 4513 448 4566 II
472 4515 498 4577 4,
518 4513 542 4567 9.
580 4512 647 4566 VIII
667 4515 691 4580 3,
711 4513 753 4566 53,
791 4513 879 4576 1112,
903 4514 941 4566 14.
980 4515 1008 4566 et
1035 4514 1067 4565 ut
1085 4511 1128 4566 ita
1155 4511 1282 4575 sentiam,
1310 4509 1368 4579 ipse

138 4605 231 4656 monet
254 4601 406 4670 Porphyrio
429 4601 472 4654 his
500 4603 578 4656 locis:
612 4603 647 4656 ad
671 4604 747 4658 Serm
766 4602 793 4655 ΙΙ
814 4605 837 4668 5,
864 4603 905 4656 41.
953 4601 1095 4671 Epistull
1123 4601 1163 4666 11,
1189 4601 1230 4653 28.
1258 4600 1299 4663 12,
1326 4600 1366 4652 19.
