<?xml version="1.0" encoding="UTF-8"?>
<!DOCTYPE html PUBLIC "-//W3C//DTD XHTML 1.0 Transitional//EN"
    "http://www.w3.org/TR/xhtml1/DTD/xhtml1-transitional.dtd">
<html xmlns="http://www.w3.org/1999/xhtml" xml:lang="en" lang="en">
 <head>
  <title>
</title>
<meta http-equiv="Content-Type" content="text/html;charset=utf-8" />
  <meta name='ocr-system' content='tesseract 3.04.00' />
  <meta name='ocr-capabilities' content='ocr_page ocr_carea ocr_par ocr_line ocrx_word'/>
</head>
<body>
  <div class='ocr_page' id='page_1' title='image "./dequintilianili01reutgoog_0044.png"; bbox 0 0 3250 5016; ppageno 0'>
   <div class='ocr_carea' id='block_1_1' title="bbox 860 321 902 386">
    <p class='ocr_par' dir='ltr' id='par_1_1' title="bbox 860 321 902 386">
     <span class='ocr_line' id='line_1_1' title="bbox 860 321 902 386; baseline 0 0"><span class='ocrx_word' id='word_1_1' title='bbox 860 321 902 386; x_wconf 83' lang='lat'><strong>38</strong></span> 
     </span>
    </p>
   </div>
   <div class='ocr_carea' id='block_1_2' title="bbox 774 411 987 421">
    <p class='ocr_par' dir='ltr' id='par_1_2' title="bbox 774 411 987 421">
     <span class='ocr_line' id='line_1_2' title="bbox 774 411 987 421; baseline 0 -1"><span class='ocrx_word' id='word_1_2' title='bbox 774 411 987 421; x_wconf 80' lang='lat'><strong>——.-</strong></span> 
     </span>
    </p>
   </div>
   <div class='ocr_carea' id='block_1_3' title="bbox 250 515 1495 4360">
    <p class='ocr_par' dir='ltr' id='par_1_3' title="bbox 268 515 1494 1463">
     <span class='ocr_line' id='line_1_3' title="bbox 269 515 1492 602; baseline -0.004 -16"><span class='ocrx_word' id='word_1_3' title='bbox 269 517 439 586; x_wconf 81' lang='lat' dir='ltr'><strong>sententiis</strong></span> <span class='ocrx_word' id='word_1_4' title='bbox 468 517 617 584; x_wconf 90' lang='lat' dir='ltr'><strong>similiter</strong></span> <span class='ocrx_word' id='word_1_5' title='bbox 650 517 829 602; x_wconf 82' lang='lat' dir='ltr'><strong>exquisitis,</strong></span> <span class='ocrx_word' id='word_1_6' title='bbox 862 537 881 583; x_wconf 94' lang='grc'><strong>0</strong></span> <span class='ocrx_word' id='word_1_7' title='bbox 909 517 1025 601; x_wconf 92' lang='lat' dir='ltr'><strong>quibus</strong></span> <span class='ocrx_word' id='word_1_8' title='bbox 1054 537 1151 582; x_wconf 89' lang='lat' dir='ltr'><strong>unam</strong></span> <span class='ocrx_word' id='word_1_9' title='bbox 1181 515 1281 600; x_wconf 85' lang='lat' dir='ltr'><strong>eligo:</strong></span> <span class='ocrx_word' id='word_1_10' title='bbox 1314 515 1359 582; x_wconf 87' lang='lat' dir='ltr'><strong>IV</strong></span> <span class='ocrx_word' id='word_1_11' title='bbox 1387 519 1435 602; x_wconf 86' lang='grc'><strong>14,</strong></span> <span class='ocrx_word' id='word_1_12' title='bbox 1460 519 1492 582; x_wconf 91' lang='lat'><strong>6:</strong></span> 
     </span>
     <span class='ocr_line' id='line_1_4' title="bbox 268 623 1493 711; baseline -0.004 -19"><span class='ocrx_word' id='word_1_13' title='bbox 268 624 429 711; x_wconf 87' lang='lat' dir='ltr'><strong>spondere</strong></span> <span class='ocrx_word' id='word_1_14' title='bbox 459 645 518 710; x_wconf 90' lang='lat' dir='ltr'><strong>pro</strong></span> <span class='ocrx_word' id='word_1_15' title='bbox 546 644 583 690; x_wconf 90' lang='lat' dir='ltr'><strong>se</strong></span> <span class='ocrx_word' id='word_1_16' title='bbox 610 631 659 690; x_wconf 92' lang='lat' dir='ltr'><strong>tot</strong></span> <span class='ocrx_word' id='word_1_17' title='bbox 691 625 868 709; x_wconf 76' lang='lat' dir='ltr'><strong>cicatrices,</strong></span> <span class='ocrx_word' id='word_1_18' title='bbox 902 623 1036 690; x_wconf 91' lang='lat' dir='ltr'><strong>totidem</strong></span> <span class='ocrx_word' id='word_1_19' title='bbox 1069 624 1213 710; x_wconf 89' lang='lat' dir='ltr'><strong>eorporis</strong></span> <span class='ocrx_word' id='word_1_20' title='bbox 1246 623 1379 690; x_wconf 90' lang='lat' dir='ltr'><strong>decora:</strong></span> <span class='ocrx_word' id='word_1_21' title='bbox 1413 624 1493 691; x_wconf 91' lang='lat' dir='ltr'><strong>seire</strong></span> 
     </span>
     <span class='ocr_line' id='line_1_5' title="bbox 268 731 1493 818; baseline -0.002 -20"><span class='ocrx_word' id='word_1_22' title='bbox 268 733 359 818; x_wconf 90' lang='lat' dir='ltr'><strong>ipsos</strong></span> <span class='ocrx_word' id='word_1_23' title='bbox 390 753 487 798; x_wconf 93' lang='lat' dir='ltr'><strong>unum</strong></span> <span class='ocrx_word' id='word_1_24' title='bbox 519 752 624 817; x_wconf 91' lang='lat' dir='ltr'><strong>paene</strong></span> <span class='ocrx_word' id='word_1_25' title='bbox 657 753 693 800; x_wconf 91' lang='lat' dir='ltr'><strong>se</strong></span> <span class='ocrx_word' id='word_1_26' title='bbox 720 732 864 818; x_wconf 87' lang='lat' dir='ltr'><strong>praedae</strong></span> <span class='ocrx_word' id='word_1_27' title='bbox 893 731 1069 798; x_wconf 90' lang='lat' dir='ltr'><strong>communis</strong></span> <span class='ocrx_word' id='word_1_28' title='bbox 1103 738 1262 798; x_wconf 83' lang='lat' dir='ltr'><strong>exsortem</strong></span> <span class='ocrx_word' id='word_1_29' title='bbox 1290 731 1323 795; x_wconf 93' lang='lat' dir='ltr'><strong>in</strong></span> <span class='ocrx_word' id='word_1_30' title='bbox 1350 731 1416 797; x_wconf 93' lang='lat' dir='ltr'><strong>illis</strong></span> <span class='ocrx_word' id='word_1_31' title='bbox 1445 751 1493 797; x_wconf 89' lang='lat' dir='ltr'><strong>eo-</strong></span> 
     </span>
     <span class='ocr_line' id='line_1_6' title="bbox 268 838 1493 927; baseline 0 -24"><span class='ocrx_word' id='word_1_32' title='bbox 268 839 374 906; x_wconf 89' lang='lat' dir='ltr'><strong>lendis</strong></span> <span class='ocrx_word' id='word_1_33' title='bbox 398 842 616 927; x_wconf 80' lang='lat' dir='ltr'><strong>ornandisque</strong></span> <span class='ocrx_word' id='word_1_34' title='bbox 638 859 796 926; x_wconf 89' lang='lat' dir='ltr'><strong>usurpare</strong></span> <span class='ocrx_word' id='word_1_35' title='bbox 820 839 977 905; x_wconf 88' lang='lat' dir='ltr'><strong>uictoriae</strong></span> <span class='ocrx_word' id='word_1_36' title='bbox 1000 839 1154 924; x_wconf 88' lang='lat' dir='ltr'><strong>praemia.</strong></span> <span class='ocrx_word' id='word_1_37' title='bbox 1172 877 1214 886; x_wconf 90' lang='lat'><em>-</em></span> <span class='ocrx_word' id='word_1_38' title='bbox 1233 838 1361 904; x_wconf 92' lang='lat' dir='ltr'><strong>Dareus</strong></span> <span class='ocrx_word' id='word_1_39' title='bbox 1386 858 1493 905; x_wconf 88' lang='lat' dir='ltr'><strong>rursus</strong></span> 
     </span>
     <span class='ocr_line' id='line_1_7' title="bbox 269 943 1494 1034; baseline -0.003 -22"><span class='ocrx_word' id='word_1_40' title='bbox 269 946 316 1013; x_wconf 90' lang='lat' dir='ltr'><strong>sic</strong></span> <span class='ocrx_word' id='word_1_41' title='bbox 347 947 544 1015; x_wconf 87' lang='lat' dir='ltr'><strong>uociferatnr</strong></span> <span class='ocrx_word' id='word_1_42' title='bbox 576 952 618 1030; x_wconf 60' lang='grc' dir='ltr'><strong>ἐᾷ</strong></span> <span class='ocrx_word' id='word_1_43' title='bbox 646 951 685 1013; x_wconf 83' lang='grc'><strong>14</strong></span> <span class='ocrx_word' id='word_1_44' title='bbox 715 967 790 1031; x_wconf 89' lang='lat' dir='ltr'><strong>sqq:</strong></span> <span class='ocrx_word' id='word_1_45' title='bbox 826 943 958 1034; x_wconf 89' lang='lat' dir='ltr'><strong>[hostes]</strong></span> <span class='ocrx_word' id='word_1_46' title='bbox 993 947 1096 1012; x_wconf 87' lang='lat' dir='ltr'><strong>obteri</strong></span> <span class='ocrx_word' id='word_1_47' title='bbox 1128 945 1311 1012; x_wconf 88' lang='lat' dir='ltr'><strong>mehercule</strong></span> <span class='ocrx_word' id='word_1_48' title='bbox 1343 965 1494 1029; x_wconf 90' lang='lat' dir='ltr'><strong>equomm</strong></span> 
     </span>
     <span class='ocr_line' id='line_1_8' title="bbox 269 1053 1429 1142; baseline -0.003 -21"><span class='ocrx_word' id='word_1_49' title='bbox 269 1055 399 1138; x_wconf 91' lang='lat' dir='ltr'><strong>ungulis</strong></span> <span class='ocrx_word' id='word_1_50' title='bbox 423 1063 567 1142; x_wconf 88' lang='lat' dir='ltr'><strong>possunt,</strong></span> <span class='ocrx_word' id='word_1_51' title='bbox 597 1054 725 1123; x_wconf 87' lang='lat' dir='ltr'><strong>etiamsi</strong></span> <span class='ocrx_word' id='word_1_52' title='bbox 748 1055 793 1120; x_wconf 96' lang='lat' dir='ltr'><strong>nil</strong></span> <span class='ocrx_word' id='word_1_53' title='bbox 816 1060 948 1140; x_wconf 88' lang='lat' dir='ltr'><strong>praeter</strong></span> <span class='ocrx_word' id='word_1_54' title='bbox 970 1053 1109 1121; x_wconf 80' lang='lat' dir='ltr'><strong>falcatos</strong></span> <span class='ocrx_word' id='word_1_55' title='bbox 1133 1075 1245 1120; x_wconf 89' lang='lat' dir='ltr'><strong>currus</strong></span> <span class='ocrx_word' id='word_1_56' title='bbox 1269 1053 1406 1120; x_wconf 87' lang='lat' dir='ltr'><strong>emisero</strong></span> <span class='ocrx_word' id='word_1_57' title='bbox 1423 1105 1429 1120; x_wconf 93' lang='lat'><em>.</em></span> 
     </span>
     <span class='ocr_line' id='line_1_9' title="bbox 272 1160 1493 1250; baseline -0.004 -21"><span class='ocrx_word' id='word_1_58' title='bbox 272 1165 305 1245; x_wconf 64' lang='grc' dir='ltr'><strong>(ξ</strong></span> <span class='ocrx_word' id='word_1_59' title='bbox 323 1161 378 1250; x_wconf 87' lang='grc'><strong>16)</strong></span> <span class='ocrx_word' id='word_1_60' title='bbox 402 1163 586 1250; x_wconf 89' lang='lat' dir='ltr'><strong>implicatos</strong></span> <span class='ocrx_word' id='word_1_61' title='bbox 611 1184 688 1248; x_wconf 87' lang='lat' dir='ltr'><strong>ergo</strong></span> <span class='ocrx_word' id='word_1_62' title='bbox 704 1163 817 1248; x_wconf 90' lang='lat' dir='ltr'><strong>spoliis</strong></span> <span class='ocrx_word' id='word_1_63' title='bbox 842 1161 960 1228; x_wconf 90' lang='lat' dir='ltr'><strong>nostris</strong></span> <span class='ocrx_word' id='word_1_64' title='bbox 984 1161 1225 1246; x_wconf 90' lang='lat' dir='ltr'><strong>trucidabimus,</strong></span> <span class='ocrx_word' id='word_1_65' title='bbox 1250 1160 1430 1244; x_wconf 87' lang='lat' dir='ltr'><strong>eademque</strong></span> <span class='ocrx_word' id='word_1_66' title='bbox 1444 1181 1493 1226; x_wconf 90' lang='lat' dir='ltr'><strong>res</strong></span> 
     </span>
     <span class='ocr_line' id='line_1_10' title="bbox 270 1269 1494 1354; baseline -0.001 -20"><span class='ocrx_word' id='word_1_67' title='bbox 270 1276 302 1334; x_wconf 92' lang='lat' dir='ltr'><strong>et</strong></span> <span class='ocrx_word' id='word_1_68' title='bbox 326 1290 426 1337; x_wconf 90' lang='lat' dir='ltr'><strong>causa</strong></span> <span class='ocrx_word' id='word_1_69' title='bbox 455 1273 515 1338; x_wconf 91' lang='lat' dir='ltr'><strong>erit</strong></span> <span class='ocrx_word' id='word_1_70' title='bbox 543 1271 699 1338; x_wconf 89' lang='lat' dir='ltr'><strong>uictoriae</strong></span> <span class='ocrx_word' id='word_1_71' title='bbox 724 1277 756 1337; x_wconf 92' lang='lat' dir='ltr'><strong>et</strong></span> <span class='ocrx_word' id='word_1_72' title='bbox 780 1269 910 1336; x_wconf 84' lang='lat' dir='ltr'><strong>imatus.</strong></span> <span class='ocrx_word' id='word_1_73' title='bbox 957 1269 1073 1353; x_wconf 91' lang='lat' dir='ltr'><strong>quodsi</strong></span> <span class='ocrx_word' id='word_1_74' title='bbox 1101 1289 1196 1354; x_wconf 89' lang='lat' dir='ltr'><strong>quem</strong></span> <span class='ocrx_word' id='word_1_75' title='bbox 1224 1269 1358 1336; x_wconf 87' lang='lat' dir='ltr'><strong>euobis</strong></span> <span class='ocrx_word' id='word_1_76' title='bbox 1381 1289 1494 1334; x_wconf 91' lang='lat' dir='ltr'><strong>nomen</strong></span> 
     </span>
     <span class='ocr_line' id='line_1_11' title="bbox 271 1375 1493 1463; baseline -0.002 -21"><span class='ocrx_word' id='word_1_77' title='bbox 271 1376 377 1460; x_wconf 88' lang='lat' dir='ltr'><strong>gentis</strong></span> <span class='ocrx_word' id='word_1_78' title='bbox 404 1385 521 1463; x_wconf 90' lang='lat' dir='ltr'><strong>mouet,</strong></span> <span class='ocrx_word' id='word_1_79' title='bbox 550 1379 671 1462; x_wconf 85' lang='lat' dir='ltr'><strong>cogitet</strong></span> <span class='ocrx_word' id='word_1_80' title='bbox 694 1375 907 1443; x_wconf 87' lang='lat' dir='ltr'><strong>Macedonum</strong></span> <span class='ocrx_word' id='word_1_81' title='bbox 934 1375 1001 1441; x_wconf 90' lang='lat' dir='ltr'><strong>illic</strong></span> <span class='ocrx_word' id='word_1_82' title='bbox 1029 1397 1119 1442; x_wconf 88' lang='lat' dir='ltr'><strong>arma</strong></span> <span class='ocrx_word' id='word_1_83' title='bbox 1149 1396 1230 1461; x_wconf 90' lang='lat' dir='ltr'><strong>esse,</strong></span> <span class='ocrx_word' id='word_1_84' title='bbox 1259 1396 1323 1440; x_wconf 95' lang='lat' dir='ltr'><strong>non</strong></span> <span class='ocrx_word' id='word_1_85' title='bbox 1352 1397 1493 1462; x_wconf 92' lang='lat' dir='ltr'><strong>corpora.</strong></span> 
     </span>
    </p>

    <p class='ocr_par' dir='ltr' id='par_1_4' title="bbox 269 1483 1495 1889">
     <span class='ocr_line' id='line_1_12' title="bbox 358 1483 1495 1569; baseline -0.004 -18"><span class='ocrx_word' id='word_1_86' title='bbox 358 1485 449 1551; x_wconf 90' lang='lat' dir='ltr'><strong>Haec</strong></span> <span class='ocrx_word' id='word_1_87' title='bbox 486 1486 529 1551; x_wconf 89' lang='lat' dir='ltr'><strong>ad</strong></span> <span class='ocrx_word' id='word_1_88' title='bbox 566 1485 763 1552; x_wconf 83' lang='lat' dir='ltr'><strong>fulciendam</strong></span> <span class='ocrx_word' id='word_1_89' title='bbox 801 1484 993 1550; x_wconf 86' lang='lat' dir='ltr'><strong>sententiam</strong></span> <span class='ocrx_word' id='word_1_90' title='bbox 1030 1505 1128 1568; x_wconf 90' lang='lat' dir='ltr'><strong>quam</strong></span> <span class='ocrx_word' id='word_1_91' title='bbox 1163 1484 1283 1569; x_wconf 88' lang='lat' dir='ltr'><strong>protuli</strong></span> <span class='ocrx_word' id='word_1_92' title='bbox 1321 1483 1362 1549; x_wconf 88' lang='lat' dir='ltr'><strong>dc</strong></span> <span class='ocrx_word' id='word_1_93' title='bbox 1396 1483 1495 1550; x_wconf 79' lang='lat' dir='ltr'><strong>Curtii</strong></span> 
     </span>
     <span class='ocr_line' id='line_1_13' title="bbox 270 1591 1494 1678; baseline 0 -22"><span class='ocrx_word' id='word_1_94' title='bbox 270 1591 423 1658; x_wconf 84' lang='lat' dir='ltr'><strong>facundia</strong></span> <span class='ocrx_word' id='word_1_95' title='bbox 448 1593 596 1660; x_wconf 87' lang='lat' dir='ltr'><strong>sufficere</strong></span> <span class='ocrx_word' id='word_1_96' title='bbox 620 1593 765 1678; x_wconf 87' lang='lat' dir='ltr'><strong>arbitror,</strong></span> <span class='ocrx_word' id='word_1_97' title='bbox 790 1599 887 1676; x_wconf 89' lang='lat' dir='ltr'><strong>atque</strong></span> <span class='ocrx_word' id='word_1_98' title='bbox 911 1591 944 1656; x_wconf 94' lang='lat' dir='ltr'><strong>id</strong></span> <span class='ocrx_word' id='word_1_99' title='bbox 968 1611 1007 1657; x_wconf 92' lang='lat' dir='ltr'><strong>eo</strong></span> <span class='ocrx_word' id='word_1_100' title='bbox 1030 1591 1145 1676; x_wconf 89' lang='lat' dir='ltr'><strong>magis,</strong></span> <span class='ocrx_word' id='word_1_101' title='bbox 1174 1613 1236 1675; x_wconf 91' lang='lat' dir='ltr'><strong>quo</strong></span> <span class='ocrx_word' id='word_1_102' title='bbox 1261 1591 1390 1659; x_wconf 87' lang='lat' dir='ltr'><strong>facilius</strong></span> <span class='ocrx_word' id='word_1_103' title='bbox 1415 1591 1494 1658; x_wconf 87' lang='lat' dir='ltr'><strong>eius-</strong></span> 
     </span>
     <span class='ocr_line' id='line_1_14' title="bbox 269 1697 1494 1785; baseline -0.001 -23"><span class='ocrx_word' id='word_1_104' title='bbox 269 1698 357 1763; x_wconf 88' lang='lat' dir='ltr'><strong>modi</strong></span> <span class='ocrx_word' id='word_1_105' title='bbox 380 1698 476 1766; x_wconf 88' lang='lat' dir='ltr'><strong>flores</strong></span> <span class='ocrx_word' id='word_1_106' title='bbox 514 1720 586 1767; x_wconf 89' lang='lat' dir='ltr'><strong>sese</strong></span> <span class='ocrx_word' id='word_1_107' title='bbox 617 1701 838 1785; x_wconf 88' lang='lat' dir='ltr'><strong>praebebunt,</strong></span> <span class='ocrx_word' id='word_1_108' title='bbox 876 1699 1057 1783; x_wconf 89' lang='lat' dir='ltr'><strong>quicunque</strong></span> <span class='ocrx_word' id='word_1_109' title='bbox 1091 1699 1306 1765; x_wconf 88' lang='lat' dir='ltr'><strong>ambulauerit</strong></span> <span class='ocrx_word' id='word_1_110' title='bbox 1334 1699 1368 1764; x_wconf 92' lang='lat' dir='ltr'><strong>in</strong></span> <span class='ocrx_word' id='word_1_111' title='bbox 1398 1697 1494 1764; x_wconf 78' lang='lat' dir='ltr'><strong>Curtii</strong></span> 
     </span>
     <span class='ocr_line' id='line_1_15' title="bbox 269 1805 381 1889; baseline 0.036 -19"><span class='ocrx_word' id='word_1_112' title='bbox 269 1805 381 1889; x_wconf 87' lang='lat' dir='ltr'><strong>pratis.</strong></span> 
     </span>
    </p>

    <p class='ocr_par' dir='ltr' id='par_1_5' title="bbox 271 1913 1495 3395">
     <span class='ocr_line' id='line_1_16' title="bbox 361 1913 1493 2001; baseline -0.004 -21"><span class='ocrx_word' id='word_1_113' title='bbox 361 1916 393 1996; x_wconf 77' lang='lat'><strong>8)</strong></span> <span class='ocrx_word' id='word_1_114' title='bbox 417 1915 587 2001; x_wconf 88' lang='lat' dir='ltr'><strong>Perpauca</strong></span> <span class='ocrx_word' id='word_1_115' title='bbox 617 1920 691 1980; x_wconf 90' lang='lat' dir='ltr'><strong>sunt</strong></span> <span class='ocrx_word' id='word_1_116' title='bbox 712 1921 790 1980; x_wconf 89' lang='lat' dir='ltr'><strong>nota</strong></span> <span class='ocrx_word' id='word_1_117' title='bbox 814 1914 855 1980; x_wconf 91' lang='lat' dir='ltr'><strong>de</strong></span> <span class='ocrx_word' id='word_1_118' title='bbox 878 1914 982 1981; x_wconf 91' lang='lat' dir='ltr'><strong>Julio</strong></span> <span class='ocrx_word' id='word_1_119' title='bbox 1006 1913 1205 1979; x_wconf 82' lang='lat' dir='ltr'><strong>Africano:</strong></span> <span class='ocrx_word' id='word_1_120' title='bbox 1237 1934 1333 1997; x_wconf 90' lang='lat' dir='ltr'><strong>quam</strong></span> <span class='ocrx_word' id='word_1_121' title='bbox 1362 1915 1402 1979; x_wconf 94' lang='lat' dir='ltr'><strong>ob</strong></span> <span class='ocrx_word' id='word_1_122' title='bbox 1431 1933 1493 1978; x_wconf 92' lang='lat' dir='ltr'><strong>rem</strong></span> 
     </span>
     <span class='ocr_line' id='line_1_17' title="bbox 271 2018 1494 2106; baseline -0.002 -22"><span class='ocrx_word' id='word_1_123' title='bbox 271 2040 342 2084; x_wconf 90' lang='lat' dir='ltr'><strong>cum</strong></span> <span class='ocrx_word' id='word_1_124' title='bbox 365 2041 417 2086; x_wconf 90' lang='lat' dir='ltr'><strong>res</strong></span> <span class='ocrx_word' id='word_1_125' title='bbox 440 2021 565 2087; x_wconf 88' lang='lat' dir='ltr'><strong>lubrica</strong></span> <span class='ocrx_word' id='word_1_126' title='bbox 593 2022 634 2086; x_wconf 90' lang='lat' dir='ltr'><strong>sit</strong></span> <span class='ocrx_word' id='word_1_127' title='bbox 658 2021 698 2086; x_wconf 92' lang='lat' dir='ltr'><strong>de</strong></span> <span class='ocrx_word' id='word_1_128' title='bbox 722 2022 791 2088; x_wconf 92' lang='lat' dir='ltr'><strong>eius</strong></span> <span class='ocrx_word' id='word_1_129' title='bbox 815 2027 886 2087; x_wconf 88' lang='lat' dir='ltr'><strong>arte</strong></span> <span class='ocrx_word' id='word_1_130' title='bbox 908 2020 1062 2106; x_wconf 89' lang='lat' dir='ltr'><strong>iudicare,</strong></span> <span class='ocrx_word' id='word_1_131' title='bbox 1092 2028 1200 2086; x_wconf 89' lang='lat' dir='ltr'><strong>tamen</strong></span> <span class='ocrx_word' id='word_1_132' title='bbox 1229 2041 1302 2087; x_wconf 88' lang='lat' dir='ltr'><strong>eum</strong></span> <span class='ocrx_word' id='word_1_133' title='bbox 1328 2018 1494 2086; x_wconf 87' lang='lat' dir='ltr'><strong>maluerim</strong></span> 
     </span>
     <span class='ocr_line' id='line_1_18' title="bbox 271 2126 1493 2213; baseline 0.001 -23"><span class='ocrx_word' id='word_1_134' title='bbox 271 2126 305 2190; x_wconf 92' lang='lat' dir='ltr'><strong>in</strong></span> <span class='ocrx_word' id='word_1_135' title='bbox 332 2133 551 2212; x_wconf 88' lang='lat' dir='ltr'><strong>corruptorum</strong></span> <span class='ocrx_word' id='word_1_136' title='bbox 575 2148 671 2211; x_wconf 85' lang='lat' dir='ltr'><strong>quem</strong></span> <span class='ocrx_word' id='word_1_137' title='bbox 694 2128 728 2192; x_wconf 93' lang='lat' dir='ltr'><strong>in</strong></span> <span class='ocrx_word' id='word_1_138' title='bbox 751 2149 902 2194; x_wconf 89' lang='lat' dir='ltr'><strong>sanorum</strong></span> <span class='ocrx_word' id='word_1_139' title='bbox 925 2148 1056 2193; x_wconf 88' lang='lat' dir='ltr'><strong>numero</strong></span> <span class='ocrx_word' id='word_1_140' title='bbox 1080 2148 1244 2213; x_wconf 89' lang='lat' dir='ltr'><strong>reponere.</strong></span> <span class='ocrx_word' id='word_1_141' title='bbox 1276 2148 1351 2192; x_wconf 91' lang='lat' dir='ltr'><strong>nam</strong></span> <span class='ocrx_word' id='word_1_142' title='bbox 1375 2127 1493 2193; x_wconf 77' lang='lat' dir='ltr'><strong>Fabius</strong></span> 
     </span>
     <span class='ocr_line' id='line_1_19' title="bbox 272 2234 1493 2319; baseline 0 -20"><span class='ocrx_word' id='word_1_143' title='bbox 272 2234 313 2300; x_wconf 91' lang='lat' dir='ltr'><strong>de</strong></span> <span class='ocrx_word' id='word_1_144' title='bbox 338 2255 376 2301; x_wconf 90' lang='lat' dir='ltr'><strong>eo</strong></span> <span class='ocrx_word' id='word_1_145' title='bbox 398 2236 431 2300; x_wconf 90' lang='lat' dir='ltr'>X</span> <span class='ocrx_word' id='word_1_146' title='bbox 457 2241 483 2319; x_wconf 93' lang='lat' dir='ltr'><strong>l,</strong></span> <span class='ocrx_word' id='word_1_147' title='bbox 509 2239 572 2303; x_wconf 88' lang='lat'><strong>118</strong></span> <span class='ocrx_word' id='word_1_148' title='bbox 596 2235 678 2301; x_wconf 90' lang='lat' dir='ltr'><strong>haec</strong></span> <span class='ocrx_word' id='word_1_149' title='bbox 702 2235 794 2301; x_wconf 91' lang='lat' dir='ltr'><strong>dicit:</strong></span> <span class='ocrx_word' id='word_1_150' title='bbox 825 2244 899 2302; x_wconf 90' lang='lat' dir='ltr'><strong>sunt</strong></span> <span class='ocrx_word' id='word_1_151' title='bbox 925 2236 983 2301; x_wconf 90' lang='lat' dir='ltr'><strong>alii</strong></span> <span class='ocrx_word' id='word_1_152' title='bbox 1006 2236 1097 2301; x_wconf 89' lang='lat' dir='ltr'><strong>multi</strong></span> <span class='ocrx_word' id='word_1_153' title='bbox 1127 2235 1239 2302; x_wconf 78' lang='lat' dir='ltr'><strong>diserti</strong></span> <span class='ocrx_word' id='word_1_154' title='bbox 1263 2287 1270 2301; x_wconf 90' lang='lat'><strong>.</strong></span> <span class='ocrx_word' id='word_1_155' title='bbox 1294 2288 1300 2302; x_wconf 89' lang='lat'>.</span> <span class='ocrx_word' id='word_1_156' title='bbox 1326 2286 1332 2303; x_wconf 93' lang='lat'><em>.</em></span> <span class='ocrx_word' id='word_1_157' title='bbox 1356 2286 1364 2301; x_wconf 89' lang='lat'><strong><em>.</em></strong></span> <span class='ocrx_word' id='word_1_158' title='bbox 1388 2255 1493 2300; x_wconf 91' lang='lat' dir='ltr'><strong>eorum</strong></span> 
     </span>
     <span class='ocr_line' id='line_1_20' title="bbox 272 2341 1492 2428; baseline 0.002 -23"><span class='ocrx_word' id='word_1_159' title='bbox 272 2361 353 2424; x_wconf 91' lang='lat' dir='ltr'><strong>quos</strong></span> <span class='ocrx_word' id='word_1_160' title='bbox 382 2341 518 2407; x_wconf 89' lang='lat' dir='ltr'><strong>uiderim</strong></span> <span class='ocrx_word' id='word_1_161' title='bbox 541 2343 702 2408; x_wconf 91' lang='lat' dir='ltr'><strong>Domitius</strong></span> <span class='ocrx_word' id='word_1_162' title='bbox 726 2341 805 2408; x_wconf 80' lang='lat' dir='ltr'><strong>Afer</strong></span> <span class='ocrx_word' id='word_1_163' title='bbox 833 2350 865 2408; x_wconf 92' lang='lat' dir='ltr'><strong>et</strong></span> <span class='ocrx_word' id='word_1_164' title='bbox 891 2343 1018 2410; x_wconf 88' lang='lat' dir='ltr'><strong>Julius</strong></span> <span class='ocrx_word' id='word_1_165' title='bbox 1042 2343 1252 2410; x_wconf 84' lang='lat' dir='ltr'><strong>Africanus</strong></span> <span class='ocrx_word' id='word_1_166' title='bbox 1279 2343 1377 2426; x_wconf 89' lang='lat' dir='ltr'><strong>longe</strong></span> <span class='ocrx_word' id='word_1_167' title='bbox 1404 2364 1492 2428; x_wconf 90' lang='lat' dir='ltr'><strong>prae-</strong></span> 
     </span>
     <span class='ocr_line' id='line_1_21' title="bbox 275 2448 1493 2535; baseline 0.001 -20"><span class='ocrx_word' id='word_1_168' title='bbox 275 2448 481 2515; x_wconf 90' lang='lat' dir='ltr'><strong>stantissimi:</strong></span> <span class='ocrx_word' id='word_1_169' title='bbox 501 2450 670 2514; x_wconf 90' lang='lat' dir='ltr'><strong>uerborum</strong></span> <span class='ocrx_word' id='word_1_170' title='bbox 690 2456 759 2515; x_wconf 89' lang='lat' dir='ltr'><strong>arte</strong></span> <span class='ocrx_word' id='word_1_171' title='bbox 774 2450 829 2516; x_wconf 93' lang='lat' dir='ltr'><strong>ille</strong></span> <span class='ocrx_word' id='word_1_172' title='bbox 849 2456 881 2516; x_wconf 90' lang='lat' dir='ltr'><strong>et</strong></span> <span class='ocrx_word' id='word_1_173' title='bbox 896 2456 963 2514; x_wconf 93' lang='grc'><strong>1010</strong></span> <span class='ocrx_word' id='word_1_174' title='bbox 979 2471 1097 2534; x_wconf 84' lang='lat' dir='ltr'><strong>genere</strong></span> <span class='ocrx_word' id='word_1_175' title='bbox 1117 2449 1246 2516; x_wconf 87' lang='lat' dir='ltr'><strong>dicendi</strong></span> <span class='ocrx_word' id='word_1_176' title='bbox 1263 2449 1493 2535; x_wconf 85' lang='lat' dir='ltr'><strong>praeferendus</strong></span> 
     </span>
     <span class='ocr_line' id='line_1_22' title="bbox 273 2555 1493 2641; baseline 0 -20"><span class='ocrx_word' id='word_1_177' title='bbox 273 2562 305 2622; x_wconf 90' lang='lat' dir='ltr'><strong>et</strong></span> <span class='ocrx_word' id='word_1_178' title='bbox 328 2575 422 2639; x_wconf 89' lang='lat' dir='ltr'><strong>quem</strong></span> <span class='ocrx_word' id='word_1_179' title='bbox 449 2555 483 2620; x_wconf 93' lang='lat' dir='ltr'><strong>in</strong></span> <span class='ocrx_word' id='word_1_180' title='bbox 506 2576 637 2622; x_wconf 89' lang='lat' dir='ltr'><strong>numero</strong></span> <span class='ocrx_word' id='word_1_181' title='bbox 660 2563 806 2622; x_wconf 90' lang='lat' dir='ltr'><strong>ueterum</strong></span> <span class='ocrx_word' id='word_1_182' title='bbox 828 2558 948 2623; x_wconf 88' lang='lat' dir='ltr'><strong>habere</strong></span> <span class='ocrx_word' id='word_1_183' title='bbox 971 2578 1036 2622; x_wconf 93' lang='lat' dir='ltr'><strong>non</strong></span> <span class='ocrx_word' id='word_1_184' title='bbox 1058 2558 1189 2624; x_wconf 90' lang='lat' dir='ltr'><strong>timeas:</strong></span> <span class='ocrx_word' id='word_1_185' title='bbox 1218 2557 1271 2622; x_wconf 89' lang='lat' dir='ltr'><strong>bie</strong></span> <span class='ocrx_word' id='word_1_186' title='bbox 1299 2557 1493 2641; x_wconf 91' lang='lat' dir='ltr'><strong>concitatior,</strong></span> 
     </span>
     <span class='ocr_line' id='line_1_23' title="bbox 274 2649 1495 2751; baseline 0 -23"><span class='ocrx_word' id='word_1_187' title='bbox 274 2649 333 2728; x_wconf 83' lang='lat' dir='ltr'><strong>sed</strong></span> <span class='ocrx_word' id='word_1_188' title='bbox 355 2663 387 2727; x_wconf 91' lang='lat' dir='ltr'><strong>in</strong></span> <span class='ocrx_word' id='word_1_189' title='bbox 412 2684 489 2728; x_wconf 91' lang='lat' dir='ltr'><strong>cura</strong></span> <span class='ocrx_word' id='word_1_190' title='bbox 513 2665 680 2729; x_wconf 91' lang='lat' dir='ltr'><strong>uerborum</strong></span> <span class='ocrx_word' id='word_1_191' title='bbox 704 2664 821 2732; x_wconf 91' lang='lat' dir='ltr'><strong>nimius</strong></span> <span class='ocrx_word' id='word_1_192' title='bbox 837 2672 870 2731; x_wconf 91' lang='lat' dir='ltr'><strong>et</strong></span> <span class='ocrx_word' id='word_1_193' title='bbox 884 2665 1115 2751; x_wconf 88' lang='lat' dir='ltr'><strong>compositione</strong></span> <span class='ocrx_word' id='word_1_194' title='bbox 1130 2686 1355 2749; x_wconf 91' lang='lat' dir='ltr'><strong>nonnunquam</strong></span> <span class='ocrx_word' id='word_1_195' title='bbox 1371 2666 1495 2750; x_wconf 85' lang='lat' dir='ltr'><strong>longior</strong></span> 
     </span>
     <span class='ocr_line' id='line_1_24' title="bbox 273 2771 1493 2859; baseline 0 -24"><span class='ocrx_word' id='word_1_196' title='bbox 273 2777 305 2835; x_wconf 93' lang='lat' dir='ltr'><strong>et</strong></span> <span class='ocrx_word' id='word_1_197' title='bbox 337 2771 603 2838; x_wconf 85' lang='lat' dir='ltr'><strong>translationibus</strong></span> <span class='ocrx_word' id='word_1_198' title='bbox 634 2793 748 2857; x_wconf 89' lang='lat' dir='ltr'><strong>parum</strong></span> <span class='ocrx_word' id='word_1_199' title='bbox 780 2773 935 2841; x_wconf 90' lang='lat' dir='ltr'><strong>modicus.</strong></span> <span class='ocrx_word' id='word_1_200' title='bbox 965 2811 1008 2820; x_wconf 92' lang='lat'><em>-</em></span> <span class='ocrx_word' id='word_1_201' title='bbox 1040 2773 1204 2859; x_wconf 87' lang='lat' dir='ltr'><strong>uituperat</strong></span> <span class='ocrx_word' id='word_1_202' title='bbox 1236 2780 1344 2840; x_wconf 87' lang='lat' dir='ltr'><strong>orator</strong></span> <span class='ocrx_word' id='word_1_203' title='bbox 1375 2775 1409 2839; x_wconf 94' lang='lat' dir='ltr'><strong>in</strong></span> <span class='ocrx_word' id='word_1_204' title='bbox 1440 2772 1493 2838; x_wconf 91' lang='lat' dir='ltr'><strong>illo</strong></span> 
     </span>
     <span class='ocr_line' id='line_1_25' title="bbox 272 2878 1493 2966; baseline 0.003 -24"><span class='ocrx_word' id='word_1_205' title='bbox 272 2898 387 2943; x_wconf 91' lang='lat' dir='ltr'><strong>uocum</strong></span> <span class='ocrx_word' id='word_1_206' title='bbox 424 2878 573 2964; x_wconf 86' lang='lat' dir='ltr'><strong>studium,</strong></span> <span class='ocrx_word' id='word_1_207' title='bbox 612 2880 787 2945; x_wconf 85' lang='lat' dir='ltr'><strong>orationem</strong></span> <span class='ocrx_word' id='word_1_208' title='bbox 823 2901 928 2965; x_wconf 91' lang='lat' dir='ltr'><strong>neque</strong></span> <span class='ocrx_word' id='word_1_209' title='bbox 964 2882 1047 2947; x_wconf 90' lang='lat' dir='ltr'><strong>bene</strong></span> <span class='ocrx_word' id='word_1_210' title='bbox 1085 2881 1298 2966; x_wconf 90' lang='lat' dir='ltr'><strong>compositam</strong></span> <span class='ocrx_word' id='word_1_211' title='bbox 1330 2889 1363 2948; x_wconf 94' lang='grc'><strong>01</strong></span> <span class='ocrx_word' id='word_1_212' title='bbox 1395 2889 1493 2947; x_wconf 80' lang='grc'><strong>11000-</strong></span> 
     </span>
     <span class='ocr_line' id='line_1_26' title="bbox 272 2984 1494 3072; baseline 0.002 -24"><span class='ocrx_word' id='word_1_213' title='bbox 272 2984 446 3052; x_wconf 87' lang='lat' dir='ltr'><strong>lationibus</strong></span> <span class='ocrx_word' id='word_1_214' title='bbox 469 2986 575 3070; x_wconf 89' lang='lat' dir='ltr'><strong>magis</strong></span> <span class='ocrx_word' id='word_1_215' title='bbox 599 3008 695 3071; x_wconf 90' lang='lat' dir='ltr'><strong>quam</strong></span> <span class='ocrx_word' id='word_1_216' title='bbox 717 3009 778 3072; x_wconf 90' lang='lat' dir='ltr'><strong>par</strong></span> <span class='ocrx_word' id='word_1_217' title='bbox 802 2989 844 3054; x_wconf 91' lang='lat' dir='ltr'><strong>sit</strong></span> <span class='ocrx_word' id='word_1_218' title='bbox 867 2994 1069 3054; x_wconf 83' lang='lat' dir='ltr'><strong>exornatam:</strong></span> <span class='ocrx_word' id='word_1_219' title='bbox 1094 3008 1178 3071; x_wconf 90' lang='lat' dir='ltr'><strong>quae</strong></span> <span class='ocrx_word' id='word_1_220' title='bbox 1192 2989 1273 3054; x_wconf 89' lang='lat' dir='ltr'><strong>uitia</strong></span> <span class='ocrx_word' id='word_1_221' title='bbox 1297 2989 1494 3055; x_wconf 84' lang='lat' dir='ltr'><strong>cacozelia</strong></span> 
     </span>
     <span class='ocr_line' id='line_1_27' title="bbox 272 3092 1494 3182; baseline 0.002 -26"><span class='ocrx_word' id='word_1_222' title='bbox 272 3092 611 3160; x_wconf 82' lang='lat' dir='ltr'><strong>oriri-reminiscimur.</strong></span> <span class='ocrx_word' id='word_1_223' title='bbox 657 3100 755 3178; x_wconf 87' lang='lat' dir='ltr'><strong>atque</strong></span> <span class='ocrx_word' id='word_1_224' title='bbox 777 3095 859 3160; x_wconf 91' lang='lat' dir='ltr'><strong>haec</strong></span> <span class='ocrx_word' id='word_1_225' title='bbox 882 3095 1090 3180; x_wconf 91' lang='lat' dir='ltr'><strong>reprehensio</strong></span> <span class='ocrx_word' id='word_1_226' title='bbox 1114 3115 1153 3160; x_wconf 91' lang='lat' dir='ltr'><strong>eo</strong></span> <span class='ocrx_word' id='word_1_227' title='bbox 1177 3096 1309 3178; x_wconf 87' lang='lat' dir='ltr'><strong>grauior</strong></span> <span class='ocrx_word' id='word_1_228' title='bbox 1330 3102 1388 3182; x_wconf 90' lang='grc'><strong>001,</strong></span> <span class='ocrx_word' id='word_1_229' title='bbox 1413 3093 1494 3180; x_wconf 91' lang='lat' dir='ltr'><strong>qued</strong></span> 
     </span>
     <span class='ocr_line' id='line_1_28' title="bbox 273 3199 1495 3286; baseline 0.002 -23"><span class='ocrx_word' id='word_1_230' title='bbox 273 3199 320 3264; x_wconf 89' lang='grc'><strong>010</strong></span> <span class='ocrx_word' id='word_1_231' title='bbox 353 3200 503 3284; x_wconf 85' lang='grc'><strong>00000110</strong></span> <span class='ocrx_word' id='word_1_232' title='bbox 536 3207 586 3267; x_wconf 88' lang='grc'><strong>001</strong></span> <span class='ocrx_word' id='word_1_233' title='bbox 617 3201 689 3267; x_wconf 87' lang='grc'><strong>1000</strong></span> <span class='ocrx_word' id='word_1_234' title='bbox 723 3203 872 3267; x_wconf 87' lang='lat' dir='ltr'><strong>absoluta</strong></span> <span class='ocrx_word' id='word_1_235' title='bbox 902 3202 1045 3267; x_wconf 91' lang='lat' dir='ltr'><strong>Domitii.</strong></span> <span class='ocrx_word' id='word_1_236' title='bbox 1105 3203 1215 3286; x_wconf 89' lang='lat' dir='ltr'><strong>itaque</strong></span> <span class='ocrx_word' id='word_1_237' title='bbox 1245 3203 1307 3269; x_wconf 87' lang='lat' dir='ltr'><strong>etsi</strong></span> <span class='ocrx_word' id='word_1_238' title='bbox 1340 3224 1404 3268; x_wconf 92' lang='lat' dir='ltr'><strong>non</strong></span> <span class='ocrx_word' id='word_1_239' title='bbox 1431 3209 1495 3267; x_wconf 90' lang='lat' dir='ltr'><strong>tam</strong></span> 
     </span>
     <span class='ocr_line' id='line_1_29' title="bbox 273 3308 1494 3395; baseline 0 -23"><span class='ocrx_word' id='word_1_240' title='bbox 273 3313 359 3372; x_wconf 89' lang='lat' dir='ltr'><strong>eerte</strong></span> <span class='ocrx_word' id='word_1_241' title='bbox 375 3327 470 3390; x_wconf 86' lang='lat' dir='ltr'><strong>quam</strong></span> <span class='ocrx_word' id='word_1_242' title='bbox 491 3308 624 3394; x_wconf 82' lang='lat' dir='ltr'><strong>Seneca,</strong></span> <span class='ocrx_word' id='word_1_243' title='bbox 647 3315 756 3374; x_wconf 91' lang='lat' dir='ltr'><strong>tamen</strong></span> <span class='ocrx_word' id='word_1_244' title='bbox 780 3330 850 3375; x_wconf 92' lang='lat' dir='ltr'><strong>cum</strong></span> <span class='ocrx_word' id='word_1_245' title='bbox 873 3330 993 3393; x_wconf 88' lang='lat' dir='ltr'><strong>magna</strong></span> <span class='ocrx_word' id='word_1_246' title='bbox 1016 3309 1085 3375; x_wconf 92' lang='lat' dir='ltr'><strong>ueri</strong></span> <span class='ocrx_word' id='word_1_247' title='bbox 1109 3311 1218 3395; x_wconf 90' lang='grc'><strong>000010</strong></span> <span class='ocrx_word' id='word_1_248' title='bbox 1236 3310 1409 3377; x_wconf 86' lang='lat' dir='ltr'><strong>Africanus</strong></span> <span class='ocrx_word' id='word_1_249' title='bbox 1433 3309 1494 3375; x_wconf 88' lang='lat' dir='ltr'><strong>dici</strong></span> 
     </span>
    </p>

    <p class='ocr_par' dir='ltr' id='par_1_6' title="bbox 250 3415 1494 4360">
     <span class='ocr_line' id='line_1_30' title="bbox 250 3415 1494 3502; baseline 0.006 -28"><span class='ocrx_word' id='word_1_250' title='bbox 250 3463 255 3474; x_wconf 93' lang='lat'>.</span> <span class='ocrx_word' id='word_1_251' title='bbox 271 3420 380 3498; x_wconf 91' lang='lat' dir='ltr'><strong>potest</strong></span> <span class='ocrx_word' id='word_1_252' title='bbox 401 3435 460 3500; x_wconf 89' lang='lat' dir='ltr'><strong>pro</strong></span> <span class='ocrx_word' id='word_1_253' title='bbox 485 3423 633 3501; x_wconf 90' lang='lat' dir='ltr'><strong>corrupto</strong></span> <span class='ocrx_word' id='word_1_254' title='bbox 656 3417 786 3482; x_wconf 89' lang='lat' dir='ltr'><strong>habitus</strong></span> <span class='ocrx_word' id='word_1_255' title='bbox 802 3437 875 3484; x_wconf 91' lang='lat' dir='ltr'><strong>esse</strong></span> <span class='ocrx_word' id='word_1_256' title='bbox 890 3438 910 3482; x_wconf 91' lang='lat' dir='ltr'><strong>a</strong></span> <span class='ocrx_word' id='word_1_257' title='bbox 925 3415 1134 3493; x_wconf 77' lang='lat' dir='ltr'><strong>Quintiliano.</strong></span> <span class='ocrx_word' id='word_1_258' title='bbox 1173 3438 1237 3502; x_wconf 89' lang='lat' dir='ltr'><strong>qua</strong></span> <span class='ocrx_word' id='word_1_259' title='bbox 1252 3439 1322 3483; x_wconf 88' lang='lat' dir='ltr'><strong>cum</strong></span> <span class='ocrx_word' id='word_1_260' title='bbox 1337 3417 1494 3484; x_wconf 90' lang='lat' dir='ltr'><strong>sententia</strong></span> 
     </span>
     <span class='ocr_line' id='line_1_31' title="bbox 272 3523 1494 3610; baseline 0.003 -24"><span class='ocrx_word' id='word_1_261' title='bbox 272 3542 336 3586; x_wconf 91' lang='lat' dir='ltr'><strong>non</strong></span> <span class='ocrx_word' id='word_1_262' title='bbox 358 3530 491 3607; x_wconf 88' lang='lat' dir='ltr'><strong>pugnat,</strong></span> <span class='ocrx_word' id='word_1_263' title='bbox 514 3523 601 3606; x_wconf 92' lang='lat' dir='ltr'><strong>quod</strong></span> <span class='ocrx_word' id='word_1_264' title='bbox 623 3523 709 3589; x_wconf 86' lang='lat' dir='ltr'><strong>idern</strong></span> <span class='ocrx_word' id='word_1_265' title='bbox 730 3524 795 3588; x_wconf 87' lang='lat' dir='ltr'><strong>XII</strong></span> <span class='ocrx_word' id='word_1_266' title='bbox 822 3527 869 3610; x_wconf 88' lang='lat'><strong>10,</strong></span> <span class='ocrx_word' id='word_1_267' title='bbox 895 3527 934 3590; x_wconf 94' lang='grc'><strong>11</strong></span> <span class='ocrx_word' id='word_1_268' title='bbox 960 3545 1031 3589; x_wconf 91' lang='lat' dir='ltr'><strong>cum</strong></span> <span class='ocrx_word' id='word_1_269' title='bbox 1061 3524 1159 3591; x_wconf 88' lang='lat' dir='ltr'><strong>laude</strong></span> <span class='ocrx_word' id='word_1_270' title='bbox 1183 3525 1261 3590; x_wconf 89' lang='lat' dir='ltr'><strong>dicit</strong></span> <span class='ocrx_word' id='word_1_271' title='bbox 1286 3524 1326 3590; x_wconf 92' lang='lat' dir='ltr'><strong>de</strong></span> <span class='ocrx_word' id='word_1_272' title='bbox 1349 3526 1494 3591; x_wconf 89' lang='lat' dir='ltr'><strong>uiribus</strong></span> 
     </span>
     <span class='ocr_line' id='line_1_32' title="bbox 272 3629 1494 3717; baseline 0.002 -23"><span class='ocrx_word' id='word_1_273' title='bbox 272 3649 357 3712; x_wconf 91' lang='lat' dir='ltr'><strong>quae</strong></span> <span class='ocrx_word' id='word_1_274' title='bbox 379 3629 478 3696; x_wconf 88' lang='lat' dir='ltr'><strong>insint</strong></span> <span class='ocrx_word' id='word_1_275' title='bbox 505 3630 539 3694; x_wconf 94' lang='lat' dir='ltr'><strong>in</strong></span> <span class='ocrx_word' id='word_1_276' title='bbox 566 3631 635 3696; x_wconf 90' lang='lat' dir='ltr'><strong>eius</strong></span> <span class='ocrx_word' id='word_1_277' title='bbox 665 3631 849 3714; x_wconf 87' lang='lat' dir='ltr'><strong>eloquentia</strong></span> <span class='ocrx_word' id='word_1_278' title='bbox 877 3637 910 3696; x_wconf 90' lang='lat' dir='ltr'><strong>et</strong></span> <span class='ocrx_word' id='word_1_279' title='bbox 932 3631 1009 3696; x_wconf 84' lang='lat' dir='ltr'>VIII</span> <span class='ocrx_word' id='word_1_280' title='bbox 1032 3634 1060 3717; x_wconf 82' lang='lat'><strong>5,</strong></span> <span class='ocrx_word' id='word_1_281' title='bbox 1092 3635 1132 3697; x_wconf 83' lang='lat'><strong>15</strong></span> <span class='ocrx_word' id='word_1_282' title='bbox 1158 3631 1333 3698; x_wconf 87' lang='lat' dir='ltr'><strong>honorilice</strong></span> <span class='ocrx_word' id='word_1_283' title='bbox 1362 3653 1494 3699; x_wconf 88' lang='lat' dir='ltr'><strong>comme-</strong></span> 
     </span>
     <span class='ocr_line' id='line_1_33' title="bbox 272 3737 1494 3824; baseline 0.001 -23"><span class='ocrx_word' id='word_1_284' title='bbox 272 3743 376 3801; x_wconf 88' lang='lat' dir='ltr'><strong>morat</strong></span> <span class='ocrx_word' id='word_1_285' title='bbox 407 3737 512 3802; x_wconf 90' lang='lat' dir='ltr'><strong>locum</strong></span> <span class='ocrx_word' id='word_1_286' title='bbox 541 3758 580 3802; x_wconf 95' lang='lat' dir='ltr'><strong>ex</strong></span> <span class='ocrx_word' id='word_1_287' title='bbox 613 3737 759 3803; x_wconf 87' lang='lat' dir='ltr'><strong>oratione</strong></span> <span class='ocrx_word' id='word_1_288' title='bbox 792 3759 888 3821; x_wconf 88' lang='lat' dir='ltr'><strong>quam</strong></span> <span class='ocrx_word' id='word_1_289' title='bbox 920 3738 975 3804; x_wconf 92' lang='lat' dir='ltr'><strong>ille</strong></span> <span class='ocrx_word' id='word_1_290' title='bbox 1006 3739 1120 3804; x_wconf 90' lang='lat' dir='ltr'><strong>habuit</strong></span> <span class='ocrx_word' id='word_1_291' title='bbox 1151 3738 1239 3824; x_wconf 90' lang='lat' dir='ltr'><strong>apud</strong></span> <span class='ocrx_word' id='word_1_292' title='bbox 1267 3741 1428 3807; x_wconf 89' lang='lat' dir='ltr'><strong>Neronem</strong></span> <span class='ocrx_word' id='word_1_293' title='bbox 1456 3739 1494 3803; x_wconf 91' lang='lat' dir='ltr'><strong>de</strong></span> 
     </span>
     <span class='ocr_line' id='line_1_34' title="bbox 272 3843 1494 3934; baseline 0.002 -26"><span class='ocrx_word' id='word_1_294' title='bbox 272 3843 385 3908; x_wconf 89' lang='lat' dir='ltr'><strong>matris</strong></span> <span class='ocrx_word' id='word_1_295' title='bbox 408 3850 509 3908; x_wconf 89' lang='lat' dir='ltr'><strong>morte</strong></span> <span class='ocrx_word' id='word_1_296' title='bbox 533 3843 744 3929; x_wconf 89' lang='lat' dir='ltr'><strong>desumptum.</strong></span> <span class='ocrx_word' id='word_1_297' title='bbox 781 3865 856 3910; x_wconf 89' lang='lat' dir='ltr'><strong>nam</strong></span> <span class='ocrx_word' id='word_1_298' title='bbox 879 3866 920 3911; x_wconf 92' lang='lat' dir='ltr'><strong>ne</strong></span> <span class='ocrx_word' id='word_1_299' title='bbox 935 3845 1093 3912; x_wconf 84' lang='lat' dir='ltr'><strong>Senecam</strong></span> <span class='ocrx_word' id='word_1_300' title='bbox 1116 3846 1246 3929; x_wconf 88' lang='lat' dir='ltr'><strong>quidem</strong></span> <span class='ocrx_word' id='word_1_301' title='bbox 1262 3847 1384 3914; x_wconf 84' lang='lat' dir='ltr'><strong>Fabius</strong></span> <span class='ocrx_word' id='word_1_302' title='bbox 1400 3849 1494 3934; x_wconf 89' lang='lat' dir='ltr'><strong>plane</strong></span> 
     </span>
     <span class='ocr_line' id='line_1_35' title="bbox 272 3951 1494 4039; baseline 0.002 -25"><span class='ocrx_word' id='word_1_303' title='bbox 272 3951 404 4035; x_wconf 89' lang='lat' dir='ltr'><strong>respuit.</strong></span> <span class='ocrx_word' id='word_1_304' title='bbox 449 3951 483 4015; x_wconf 93' lang='lat' dir='ltr'><strong>in</strong></span> <span class='ocrx_word' id='word_1_305' title='bbox 505 3951 639 4034; x_wconf 91' lang='lat' dir='ltr'><strong>Dialogi</strong></span> <span class='ocrx_word' id='word_1_306' title='bbox 662 3972 680 4016; x_wconf 93' lang='lat' dir='ltr'><strong>c</strong></span> <span class='ocrx_word' id='word_1_307' title='bbox 706 3955 746 4018; x_wconf 89' lang='grc'><strong>14</strong></span> <span class='ocrx_word' id='word_1_308' title='bbox 768 3952 990 4039; x_wconf 78' lang='lat' dir='ltr'><strong>Africanus²⁵)</strong></span> <span class='ocrx_word' id='word_1_309' title='bbox 1019 3953 1103 4020; x_wconf 90' lang='lat' dir='ltr'><strong>inter</strong></span> <span class='ocrx_word' id='word_1_310' title='bbox 1131 3974 1187 4020; x_wconf 88' lang='grc'><strong>000</strong></span> <span class='ocrx_word' id='word_1_311' title='bbox 1217 3961 1420 4021; x_wconf 89' lang='lat' dir='ltr'><strong>enumeratur</strong></span> <span class='ocrx_word' id='word_1_312' title='bbox 1443 3953 1494 4038; x_wconf 92' lang='lat' dir='ltr'><strong>qui</strong></span> 
     </span>
     <span class='ocr_line' id='line_1_36' title="bbox 273 4057 1493 4140; baseline 0.003 -19"><span class='ocrx_word' id='word_1_313' title='bbox 273 4078 293 4121; x_wconf 90' lang='lat' dir='ltr'><strong>a</strong></span> <span class='ocrx_word' id='word_1_314' title='bbox 317 4077 435 4140; x_wconf 88' lang='lat' dir='ltr'><strong>genere</strong></span> <span class='ocrx_word' id='word_1_315' title='bbox 463 4057 593 4124; x_wconf 88' lang='lat' dir='ltr'><strong>dicendi</strong></span> <span class='ocrx_word' id='word_1_316' title='bbox 617 4058 829 4124; x_wconf 79' lang='lat' dir='ltr'><strong>Ciceroniano</strong></span> <span class='ocrx_word' id='word_1_317' title='bbox 854 4067 886 4125; x_wconf 92' lang='lat' dir='ltr'><strong>et</strong></span> <span class='ocrx_word' id='word_1_318' title='bbox 908 4060 1064 4126; x_wconf 87' lang='lat' dir='ltr'><strong>Asiniano</strong></span> <span class='ocrx_word' id='word_1_319' title='bbox 1093 4062 1294 4127; x_wconf 87' lang='lat' dir='ltr'><strong>recesserint.</strong></span> <span class='ocrx_word' id='word_1_320' title='bbox 1340 4061 1400 4128; x_wconf 91' lang='lat' dir='ltr'><strong>sed</strong></span> <span class='ocrx_word' id='word_1_321' title='bbox 1423 4061 1493 4127; x_wconf 93' lang='lat' dir='ltr'><strong>huic</strong></span> 
     </span>
     <span class='ocr_line' id='line_1_37' title="bbox 271 4164 1492 4235; baseline 0.002 -7"><span class='ocrx_word' id='word_1_322' title='bbox 271 4164 342 4230; x_wconf 90' lang='lat' dir='ltr'><strong>loco</strong></span> <span class='ocrx_word' id='word_1_323' title='bbox 366 4185 430 4229; x_wconf 94' lang='lat' dir='ltr'><strong>non</strong></span> <span class='ocrx_word' id='word_1_324' title='bbox 444 4166 578 4230; x_wconf 87' lang='lat' dir='ltr'><strong>multum</strong></span> <span class='ocrx_word' id='word_1_325' title='bbox 600 4166 713 4232; x_wconf 87' lang='lat' dir='ltr'><strong>tribuo.</strong></span> <span class='ocrx_word' id='word_1_326' title='bbox 751 4167 795 4232; x_wconf 93' lang='lat' dir='ltr'><strong>ibi</strong></span> <span class='ocrx_word' id='word_1_327' title='bbox 819 4167 903 4233; x_wconf 89' lang='lat' dir='ltr'><strong>enim</strong></span> <span class='ocrx_word' id='word_1_328' title='bbox 927 4167 1023 4233; x_wconf 88' lang='lat' dir='ltr'><strong>etiam</strong></span> <span class='ocrx_word' id='word_1_329' title='bbox 1038 4168 1201 4234; x_wconf 91' lang='lat' dir='ltr'><strong>Domitius</strong></span> <span class='ocrx_word' id='word_1_330' title='bbox 1216 4168 1492 4235; x_wconf 85' lang='lat' dir='ltr'><strong>Afernominatur.</strong></span> 
     </span>
     <span class='ocr_line' id='line_1_38' title="bbox 273 4270 1493 4360; baseline 0.001 -23"><span class='ocrx_word' id='word_1_331' title='bbox 273 4278 370 4355; x_wconf 91' lang='lat' dir='ltr'><strong>atque</strong></span> <span class='ocrx_word' id='word_1_332' title='bbox 389 4272 473 4337; x_wconf 90' lang='lat' dir='ltr'><strong>hune</strong></span> <span class='ocrx_word' id='word_1_333' title='bbox 487 4270 679 4348; x_wconf 83' lang='lat' dir='ltr'><strong>Quintiliani</strong></span> <span class='ocrx_word' id='word_1_334' title='bbox 702 4274 810 4340; x_wconf 90' lang='lat' dir='ltr'><strong>uerbis</strong></span> <span class='ocrx_word' id='word_1_335' title='bbox 830 4275 993 4360; x_wconf 85' lang='lat' dir='ltr'><strong>expressis</strong></span> <span class='ocrx_word' id='word_1_336' title='bbox 1015 4281 1161 4342; x_wconf 89' lang='lat' dir='ltr'><strong>uetamur</strong></span> <span class='ocrx_word' id='word_1_337' title='bbox 1183 4275 1271 4341; x_wconf 91' lang='lat' dir='ltr'><strong>illius</strong></span> <span class='ocrx_word' id='word_1_338' title='bbox 1294 4277 1493 4360; x_wconf 90' lang='lat' dir='ltr'><strong>eloquentiae</strong></span> 
     </span>
    </p>
   </div>
   <div class='ocr_carea' id='block_1_4' title="bbox 271 4520 1491 4684">
    <p class='ocr_par' dir='ltr' id='par_1_7' title="bbox 271 4520 1491 4684">
     <span class='ocr_line' id='line_1_39' title="bbox 363 4520 1491 4594; baseline 0.003 -19"><span class='ocrx_word' id='word_1_339' title='bbox 363 4520 398 4590; x_wconf 76' lang='lat'><strong>²⁶)</strong></span> <span class='ocrx_word' id='word_1_340' title='bbox 426 4522 579 4578; x_wconf 87' lang='lat' dir='ltr'><strong>Africani</strong></span> <span class='ocrx_word' id='word_1_341' title='bbox 607 4522 755 4591; x_wconf 89' lang='lat' dir='ltr'><strong>legendum</strong></span> <span class='ocrx_word' id='word_1_342' title='bbox 783 4541 839 4578; x_wconf 89' lang='lat' dir='ltr'><strong>esse</strong></span> <span class='ocrx_word' id='word_1_343' title='bbox 867 4542 916 4594; x_wconf 91' lang='lat' dir='ltr'><strong>pro</strong></span> <span class='ocrx_word' id='word_1_344' title='bbox 944 4543 976 4580; x_wconf 91' lang='grc'><strong>00</strong></span> <span class='ocrx_word' id='word_1_345' title='bbox 1004 4526 1077 4594; x_wconf 91' lang='lat' dir='ltr'><strong>quod</strong></span> <span class='ocrx_word' id='word_1_346' title='bbox 1108 4526 1224 4580; x_wconf 88' lang='lat' dir='ltr'><strong>tradunt</strong></span> <span class='ocrx_word' id='word_1_347' title='bbox 1251 4525 1316 4580; x_wconf 88' lang='lat' dir='ltr'><strong>libri</strong></span> <span class='ocrx_word' id='word_1_348' title='bbox 1349 4524 1491 4582; x_wconf 84' lang='lat' dir='ltr'><strong>Asiatici</strong></span> 
     </span>
     <span class='ocr_line' id='line_1_40' title="bbox 271 4611 1344 4684; baseline 0.003 -18"><span class='ocrx_word' id='word_1_349' title='bbox 271 4611 509 4681; x_wconf 83' lang='lat' dir='ltr'><strong>Nipperdeyus</strong></span> <span class='ocrx_word' id='word_1_350' title='bbox 528 4612 729 4667; x_wconf 88' lang='lat' dir='ltr'><strong>demonstrauit</strong></span> <span class='ocrx_word' id='word_1_351' title='bbox 747 4613 791 4666; x_wconf 77' lang='lat' dir='ltr'><strong>nh</strong></span> <span class='ocrx_word' id='word_1_352' title='bbox 810 4614 839 4666; x_wconf 91' lang='lat' dir='ltr'>M</span> <span class='ocrx_word' id='word_1_353' title='bbox 857 4613 895 4666; x_wconf 91' lang='lat' dir='ltr'><strong>IX</strong></span> <span class='ocrx_word' id='word_1_354' title='bbox 914 4615 966 4668; x_wconf 81' lang='lat'><strong>278</strong></span> <span class='ocrx_word' id='word_1_355' title='bbox 985 4633 1016 4683; x_wconf 88' lang='lat' dir='ltr'><strong>sq</strong></span> <span class='ocrx_word' id='word_1_356' title='bbox 1038 4638 1066 4660; x_wconf 96' lang='lat'><strong><em>=</em></strong></span> <span class='ocrx_word' id='word_1_357' title='bbox 1089 4615 1179 4684; x_wconf 89' lang='lat' dir='ltr'><strong>Opusc</strong></span> <span class='ocrx_word' id='word_1_358' title='bbox 1197 4633 1215 4684; x_wconf 92' lang='lat' dir='ltr'><strong>p</strong></span> <span class='ocrx_word' id='word_1_359' title='bbox 1235 4617 1286 4670; x_wconf 83' lang='grc'><strong>284</strong></span> <span class='ocrx_word' id='word_1_360' title='bbox 1305 4634 1344 4684; x_wconf 91' lang='lat' dir='ltr'><strong>sq.</strong></span> 
     </span>
    </p>
   </div>
   <div class='ocr_carea' id='block_1_5' title="bbox 0 0 1633 5012">
    <p class='ocr_par' dir='ltr' id='par_1_8' title="bbox 0 0 1633 5012">
     <span class='ocr_line' id='line_1_41' title="bbox 0 0 1633 5012; baseline 0 0"><span class='ocrx_word' id='word_1_361' title='bbox 0 0 1633 5012; x_wconf 95' lang='lat' dir='ltr'><strong> </strong></span> 
     </span>
    </p>
   </div>
  </div>
 </body>
</html>
