3250 5016
831 338 873 404 12

330 535 360 601 N
364 554 405 598 on
428 532 502 599 ideo
526 529 634 598 tamen
658 533 729 600 sola
757 537 808 599 est
829 531 959 616 agenda
983 552 1060 598 cura
1079 534 1255 599 uerborum.
1303 552 1467 599 occurram

239 641 323 706 enim
355 660 489 706 necesse
522 646 572 706 est
605 647 637 706 et
652 690 658 704 .
673 691 680 705 .
696 691 724 704 ..
755 639 906 706 resistam
939 639 980 705 iis
1013 639 1068 722 qui
1104 639 1226 705 omissa
1258 659 1376 724 rerum,
1413 639 1465 722 qui

130 735 135 744 ’
239 747 348 812 nerui
374 748 494 812 suntin
518 747 636 830 causis,
661 745 832 830 diligentia
856 745 996 828 quodam
1020 746 1109 811 inani
1133 746 1219 812 circa
1234 767 1332 812 uoces
1358 745 1465 812 studio

241 861 412 920 senescunt
436 854 533 937 idque
558 854 681 919 faciunt
704 854 812 936 gratia
836 852 976 936 decoris,
1011 853 1064 935 qui
1090 860 1140 920 est
1167 853 1200 919 iu
1224 852 1361 919 dicendo
1394 873 1466 919 mea

240 961 369 1044 quidem
394 961 544 1047 opinione
567 959 814 1046 pulcherrimus,
848 959 906 1026 sed
940 981 1010 1025 oum
1040 961 1196 1044 sequitur,
1229 980 1293 1026 non
1316 981 1387 1026 cnm
1411 959 1466 1025 ad-

239 1069 386 1135 fectatur.
433 1067 467 1154 (ξ
491 1068 547 1152 20)
564 1119 570 1132 .
588 1122 593 1133 .
610 1119 640 1132 ..
671 1067 728 1132 illa
762 1066 964 1134 translucida
993 1075 1025 1131 et
1057 1068 1233 1134 uersicolor
1267 1067 1466 1150 quorundam

242 1177 380 1242 elocutio
404 1195 456 1242 res
479 1175 571 1260 ipsas
587 1175 751 1240 effeminat
774 1193 857 1256 quae
881 1173 936 1237 illo
956 1174 1124 1238 uerborum
1148 1174 1261 1240 habitu
1278 1174 1466 1240 uestiantur.

239 1304 365 1348 curam
389 1303 466 1366 ergo
490 1283 710 1365 uerborum,
734 1301 858 1346 rerum
881 1282 955 1345 uolo
981 1301 1054 1346 esse
1074 1281 1385 1347 sollicitudinem
1401 1302 1465 1364 eqs.

329 1408 377 1472 Ex
402 1407 562 1473 sententia
586 1406 776 1484 Quintiliani
800 1405 939 1471 orationi
963 1412 1013 1471 est
1035 1405 1244 1491 propositum,
1267 1413 1303 1471 ut
1319 1427 1359 1472 ea
1383 1427 1465 1489 quae

240 1515 272 1578 in
297 1515 495 1598 cogitatione
519 1515 584 1579 sint
607 1513 715 1580 uerbis
738 1511 868 1580 indicet.
924 1513 1035 1595 itaque
1064 1514 1097 1577 in
1127 1533 1273 1580 sermone
1297 1513 1464 1578 formando

241 1628 317 1687 ante
341 1622 448 1686 omnia
472 1641 572 1706 opera
597 1628 647 1686 est
670 1620 790 1704 danda,
814 1627 849 1684 ut
873 1620 1037 1702 cogitatae
1060 1621 1107 1686 rei
1130 1621 1241 1704 imago
1257 1641 1353 1704 quam
1368 1621 1465 1688 simil-

239 1729 316 1793 lima
345 1729 548 1814 exprimatur.
600 1747 704 1794 sermo
734 1727 818 1792 enim
845 1748 903 1812 per
927 1747 963 1793 se
986 1746 1049 1792 non
1082 1727 1217 1792 multum
1248 1728 1349 1813 nalct,
1376 1728 1467 1794 ualet

239 1835 418 1921 plurimum,
443 1835 471 1901 si
495 1836 656 1900 animatur
679 1834 884 1917 cogitatione.
919 1835 1059 1919 corrupti
1083 1841 1191 1901 autem
1215 1835 1386 1919 opinantur
1409 1855 1467 1920 per

241 1963 276 2008 se
300 1941 424 2025 aliquid
448 1962 521 2008 esse
544 1943 658 2008 uerba:
684 1962 748 2024 qua
772 1940 859 2006 ducti
883 1941 1034 2026 opinione
1058 1942 1163 2025 magis
1179 1963 1274 2024 quam
1289 1942 1466 2008 inuentioni

240 2048 370 2114 student
393 2049 566 2115 elocutioni
603 2050 713 2131 itaque
737 2047 770 2112 id
795 2049 900 2132 ipsum
924 2067 1033 2113 eorum
1057 2057 1107 2115 est
1129 2049 1242 2114 vitium
1261 2049 1348 2133 quod
1371 2069 1462 2134 prae-

239 2157 344 2221 ferunt
368 2177 477 2222 curam
497 2155 669 2239 eloquendi
693 2176 789 2221 curae
804 2155 971 2238 cogitandi
985 2163 1186 2240 peccantque
1206 2176 1244 2220 eo
1266 2155 1351 2239 quod
1366 2157 1463 2221 ratio-

240 2283 313 2328 nem
336 2283 420 2346 quae
444 2263 540 2329 debet
563 2262 762 2329 intercedere
785 2262 869 2327 inter
891 2282 944 2328 res
969 2271 1000 2328 ct
1024 2264 1123 2328 uerba
1146 2269 1268 2328 rectam
1291 2263 1323 2327 in
1348 2262 1465 2329 falsam

241 2377 437 2436 conuertant
484 2376 581 2454 atque
604 2369 655 2435 his
680 2369 873 2435 sententiam
893 2366 1085 2440 Quintiliani
1108 2390 1185 2435 nere
1210 2390 1283 2435 esse
1306 2370 1466 2435 redditam

239 2484 331 2557 patet
354 2477 462 2543 uerbis
486 2498 569 2560 quae
584 2475 640 2542 ille
660 2476 739 2541 facit
758 2475 799 2540 de
822 2476 1126 2561 probationibus
1150 2476 1188 2541 in
1213 2483 1296 2542 arte
1319 2476 1465 2561 positis

241 2585 267 2647 V
293 2588 321 2668 8,
348 2587 447 2651 1-3:
473 2604 490 2649 e
514 2583 630 2666 quibus
654 2581 766 2648 adfero
790 2582 886 2648 haec:

329 2711 411 2776 Pars
435 2703 539 2775 altera
561 2709 799 2795 probationum,
823 2727 906 2790 quae
930 2715 981 2774 est
1008 2714 1077 2774 tota
1101 2708 1138 2773 iu
1162 2714 1246 2773 arte
1275 2715 1466 2791 constatque

241 2818 336 2882 rebus
360 2816 404 2881 ad
427 2815 611 2882 faciendam
633 2815 730 2880 fidem
754 2814 927 2900 adpositis,
956 2815 1145 2900 plerumque
1173 2822 1230 2880 aut
1258 2816 1384 2880 omnino
1412 2837 1465 2880 ne-

241 2923 382 3007 glegitur
405 2930 462 2988 aut
484 2923 649 2990 lenissime
673 2923 844 3006 attingitur
867 2923 908 2988 ab
932 2923 972 2989 iis
997 2924 1052 3006 qui
1067 2930 1258 3006 argumenta
1283 2923 1372 2988 uelut
1389 2922 1465 2987 ‘hor-

240 3028 312 3095 rida
336 3037 369 3096 et
397 3029 591 3114 confragosa
621 3031 762 3095 uitantes
796 3030 1032 3096 amoenioribus
1066 3030 1146 3096 locis
1180 3030 1330 3096 desident
1361 3051 1466 3113 neque

242 3137 336 3202 aliter
360 3158 455 3220 quam
480 3137 503 3201 ii
526 3138 580 3220 qui
604 3136 774 3202 traduntur
796 3157 817 3200 a
840 3138 946 3221 poetis
967 3143 1064 3220 gustu
1079 3137 1246 3202 cuiusdam
1270 3135 1358 3222 apud
1372 3137 1465 3202 Loto·

240 3243 368 3328 phagas
397 3243 552 3326 graminis
592 3250 624 3308 et
658 3243 804 3308 Sirenum
837 3248 933 3308 cantu
967 3242 1101 3309 deleniti
1134 3244 1334 3328 uoluptatem
1369 3243 1467 3309 saluti

241 3457 464 3527 Spaldingius
478 3457 648 3511 demonstrat
663 3456 764 3510 adlatis
778 3457 844 3510 locis
859 3455 915 3509 his:
930 3457 954 3509 V
972 3458 1009 3519 14,
1019 3458 1061 3510 31.
1077 3457 1130 3510 VH
1144 3473 1192 3525 pro
1264 3457 1288 3508 4.
1303 3457 1381 3511 VIIc
1395 3459 1426 3512 10
1435 3458 1466 3511 sf.

240 3547 295 3600 llll
305 3549 329 3612 2,
340 3548 382 3600 26.
402 3547 449 3600 sed
463 3547 536 3615 quod
549 3546 608 3615 ipse
618 3545 735 3600 coniecit
748 3548 874 3599 terram
888 3545 1055 3613 quandam
1071 3473 1286 3608 (3111111θῖ116
1300 3563 1355 3600 non
1367 3547 1467 3615 placet,

242 3635 308 3703 qnia
322 3635 476 3690 subiectum
491 3635 641 3689 accusativi
655 3653 716 3689 cum
730 3634 870 3688 infinitiuo
883 3651 938 3688 non
948 3634 1029 3688 facile
1040 3635 1183 3703 suppletur
1192 3617 1296 3702 etquis
1305 3636 1468 3702 metaphora

240 3726 290 3778 illa
309 3725 376 3779 satis
395 3727 436 3778 est
455 3725 576 3778 obscura.
605 3725 634 3777 in
654 3725 692 3778 eis
711 3741 819 3792 quoque
838 3741 909 3792 qnae
928 3724 1103 3792 protulerunt
1122 3723 1328 3784 (bernhardus
1347 3724 1466 3779 tritam

240 3815 408 3882 quandam
427 3813 514 3867 uiam
530 3830 600 3867 esse
615 3813 845 3883 etHappelius
862 3814 944 3879 (Anal
959 3813 1011 3867 crit
1025 3832 1044 3883 p
1057 3798 1287 3879 ldlmateriam
1301 3815 1468 3881 quandam

240 3904 371 3958 uariam
390 3919 462 3958 esse
481 3903 666 3957 desideramus
685 3903 846 3957 subiectum.
883 3902 957 3970 qnod
971 3919 1035 3956 uero
1050 3893 1342 3956 Wolffius'inucnit
1361 3906 1467 3957 artem

240 3993 374 4061 quidem
392 3992 521 4046 nariam
546 4009 616 4046 esse
644 4009 679 4046 ne
702 4009 798 4046 uerum
825 3992 937 4060 quidem
961 3996 1010 4046 est.
1052 4009 1117 4045 nam
1137 3991 1325 4058 Quintilianus
1348 3992 1415 4046 VIII
1435 3995 1468 4046 10

242 4085 274 4136 14
293 4100 325 4150 sq
348 4081 416 4136 dicIt
435 4081 502 4136 artis
521 4081 560 4135 ie
583 4080 674 4151 τέχνης
693 4081 846 4136 rhetoricae
870 4098 926 4135 esse
955 4084 1030 4135 certa
1054 4080 1119 4136 dare
1143 4084 1302 4150 praecepta,
1332 4081 1468 4136 oratoriae

240 4171 384 4226 facultatis
402 4171 568 4225 uarietatem
587 4170 663 4225 uitae
682 4170 759 4239 sequi
779 4171 864 4224 uariis
884 4170 991 4224 dicendi
1015 4169 1109 4223 modis.
1153 4169 1284 4223 Halmii
1307 4169 1378 4222 illud
1401 4189 1467 4225 ma·

240 4261 329 4315 teria
352 4260 486 4328 quidem
504 4259 601 4314 uaria
619 4263 669 4314 est
692 4260 793 4314 falsum
816 4259 886 4312 mihi
909 4259 1020 4313 uidetur
1038 4276 1102 4323 esse,
1127 4261 1194 4327 quia
1221 4260 1306 4313 uerba
1334 4260 1468 4314 credere

241 4356 326 4418 quae
348 4349 457 4404 discet
481 4335 570 4404 uelit
593 4367 653 4403 cum
679 4349 908 4417 subsequentibus
928 4351 996 4417 puto
1019 4347 1161 4416 iungenda
1183 4365 1247 4402 esse.
1287 4348 1384 4416 itaque
1407 4367 1467 4418 pro-

240 4439 377 4508 posuerim
400 4442 432 4492 ut
455 4441 565 4508 legatur
588 4439 638 4493 sic:
668 4441 774 4492 artem
802 4441 942 4502 certam,
971 4437 1205 4505 eloquentiam
1229 4437 1360 4491 uariam
1389 4456 1468 4493 esse.

240 4530 309 4582 haec
332 4528 471 4582 sententia
495 4529 625 4582 adcurate
648 4527 793 4595 respondet
816 4526 856 4581 eis
880 4544 951 4594 quae
979 4527 1081 4581 Fabius
1108 4526 1212 4595 profert
1231 4525 1294 4584 libri
1320 4527 1386 4585 VII¹
1410 4528 1469 4584 loco

240 4618 344 4682 adlato.
381 4635 431 4680 nec
448 4618 574 4680 uiolenta
592 4619 634 4679 est
653 4615 760 4670 medela
779 4633 863 4691 quam
882 4615 972 4676 uerbis
992 4616 1132 4676 admoneo,
