3250 5016
871 379 915 446 58

788 469 868 480 *ι-
877 471 999 478 —-—--—·

280 573 423 662 perdidit
445 575 615 662 pristinam
637 573 776 642 laudem.
823 574 914 642 ouius
940 574 988 640 rei
1017 593 1138 642 musae
1163 579 1237 640 sunt
1259 574 1390 660 multae,
1421 572 1503 641 etin

280 681 355 767 ipsa
378 681 532 749 facundia
556 681 690 766 eiusque
714 681 831 749 studiis
854 681 983 769 positae
1006 688 1040 749 et
1063 681 1264 748 extrinsecus
1287 679 1430 749 adlatae.
1462 687 1503 747 et·

283 788 366 854 enim
390 787 444 873 qui
468 788 672 857 destinantur
694 788 759 855 iam
783 789 874 874 pueri
898 789 942 854 ad
964 788 1094 875 publice
1109 787 1240 854 dicendi
1255 808 1380 874 munus,
1403 809 1503 872 neque

279 897 326 962 itu
350 896 527 964 educantur
550 917 570 962 a
586 895 774 984 parentibus
794 916 899 980 neque
913 897 961 963 ita
975 917 996 961 a
1009 894 1275 982 praeceptoribus
1290 895 1504 979 instituuntur,

280 1010 316 1069 ut
347 1003 435 1070 laeta
467 1024 564 1088 seges
596 1026 617 1070 a
649 1003 728 1071 uiris
761 1011 956 1091 procreetur,
989 1002 1048 1071 sed
1080 1003 1148 1070 uita
1181 1002 1346 1070 umbratili
1378 1002 1504 1070 adsueti

280 1131 451 1196 nugasque
470 1111 558 1179 docti
572 1111 709 1180 uirtutes
724 1111 862 1179 oratoris
877 1111 1026 1199 proprias
1039 1131 1104 1178 non
1119 1109 1323 1178 adsecuntur.
1352 1109 1504 1196 deinceps

280 1238 333 1286 res
355 1219 488 1306 publica
510 1241 594 1287 nunc
617 1221 664 1287 ita
688 1226 877 1308 comparata
901 1227 959 1306 est,
983 1226 1018 1287 ut
1032 1219 1249 1303 eloquentiam
1264 1217 1505 1304 angustioribus

281 1325 398 1393 finibus
422 1327 568 1394 includat
591 1347 686 1412 qnam
710 1327 795 1394 intra
819 1347 900 1411 quos
924 1327 1044 1394 iustum
1066 1327 1175 1394 facere
1197 1325 1302 1413 possit
1316 1326 1504 1414 profectum.

281 1453 347 1518 pax
374 1440 408 1501 et
436 1434 618 1519 concordia,
651 1435 767 1520 quibus
801 1433 916 1502 fruitur
947 1434 1073 1519 ciuitas,
1106 1443 1141 1502 ut
1173 1433 1259 1501 dona
1288 1440 1363 1502 sunt
1390 1454 1449 1521 per
1471 1454 1506 1500 se

281 1540 403 1626 optima
417 1548 450 1608 et
464 1541 659 1628 gratissima,
683 1542 731 1609 ita
745 1563 809 1609 non
823 1549 890 1609 tam
909 1543 1001 1609 alunt
1015 1548 1196 1626 acuuntque
1218 1541 1351 1626 ingenia
1365 1540 1506 1608 oratoria

282 1668 379 1731 quam
402 1647 567 1717 discordia
591 1671 655 1735 qua
679 1650 755 1716 olim
778 1650 896 1718 ciuitas
919 1649 1111 1734 aegrotauit

373 1755 592 1834 Quintilianus
629 1757 707 1842 quid
742 1757 824 1824 libro
865 1756 906 1824 de
943 1756 1052 1824 causis
1090 1756 1272 1842 conscripto
1314 1758 1506 1842 exposuerit

284 1862 361 1946 quid
385 1865 512 1931 omnino
537 1866 675 1932 senserit
697 1864 740 1932 de
763 1865 931 1951 corruptis,
955 1863 1110 1931 hocloco
1134 1869 1281 1950 repetere
1300 1863 1506 1948 supersedeo.

371 1971 441 2038 Iam
465 1972 492 2040 si
516 1979 686 2057 utrumque
708 1972 824 2039 librum
848 1991 1081 2058 comparamus,
1110 1971 1163 2037 uel
1191 1969 1299 2057 potius
1323 1991 1408 2055 quae
1431 1969 1506 2036 inde

282 2098 303 2141 a
327 2079 402 2146 025
425 2079 559 2164 Dialogi
583 2086 713 2147 exstant
737 2080 763 2147 si
789 2078 983 2146 conferimus
1007 2098 1079 2145 cum
1103 2079 1151 2146 eis
1175 2099 1259 2162 quae
1273 2078 1396 2145 Fabius
1420 2078 1508 2144 etin

283 2184 395 2251 schola
419 2192 451 2253 et
477 2186 559 2253 libro
589 2187 707 2255 emisso
737 2186 887 2254 docuisse
920 2194 970 2253 est
1002 2186 1180 2272 putandus:
1220 2185 1508 2252 animaduertimns

282 2292 417 2358 alterum
442 2293 630 2380 scriptorem
653 2296 695 2360 ab
719 2295 820 2360 altero
844 2301 913 2361 tota
937 2295 992 2360 uia
1021 2315 1060 2360 ac
1087 2293 1214 2360 ratione
1238 2292 1425 2380 explicandi
1448 2292 1508 2359 dif-

284 2398 375 2486 ferre,
409 2408 441 2468 et
473 2400 507 2467 id
540 2401 669 2485 quidem
698 2423 736 2468 eo
764 2402 859 2468 modo
890 2422 951 2486 qno
980 2401 1088 2468 Taciti
1115 2401 1278 2484 ingenium
1306 2401 1348 2467 ab
1377 2401 1509 2486 ingenio

283 2505 473 2584 Quintiliani
506 2508 669 2576 diuersum
703 2509 770 2576 fuit.
828 2530 902 2575 narn
938 2508 1061 2576 Fabius
1096 2515 1270 2594 postquam
1306 2507 1414 2574 animo
1447 2507 1510 2574 sibi

285 2613 436 2682 formauit
467 2636 565 2683 uerae
602 2616 806 2700 eloquentiae
840 2617 995 2702 speciem,
1034 2615 1077 2681 ad
1109 2614 1205 2682 huius
1238 2616 1393 2686 amussim
1431 2635 1510 2682 suae

283 2722 403 2789 aetatis
426 2730 528 2790 artem
552 2722 682 2790 dicendi
705 2723 878 2793 examinat.
926 2743 1022 2807 quam
1051 2743 1122 2789 cum
1144 2743 1208 2788 non
1231 2729 1342 2809 aptam
1365 2721 1511 2790 inueniat

284 2828 327 2894 ad
351 2850 443 2897 suum
466 2830 628 2917 iudicium,
657 2833 781 2918 respuit
804 2838 901 2915 atque
924 2830 1139 2915 ignominioso
1162 2837 1255 2896 notat
1277 2829 1406 2898 nomine
1430 2851 1511 2897 cor·

284 2945 430 3024 ruptae.
475 2945 602 3004 etcum
629 2939 662 3004 in
692 2938 873 3006 elocutione
895 2939 1034 3005 manime
1058 2957 1195 3024 peccare
1227 2958 1300 3003 eam
1331 2944 1436 3025 putet,
1470 2961 1511 3005 ex

283 3045 355 3111 loeo
370 3045 529 3111 rhetorico
544 3044 599 3129 qui
613 3052 664 3112 est
677 3045 718 3112 de
733 3046 933 3112 cacozelia
947 3046 1155 3131 demonstrat,
1180 3066 1237 3111 our
1251 3045 1309 3111 illa
1324 3045 1368 3113 sit
1379 3045 1511 3113 uitiosa.

285 3151 327 3218 de
350 3153 480 3219 causis
505 3152 660 3239 deinceps
683 3172 843 3236 quaerens
867 3153 937 3219 eins
961 3152 1134 3219 facundiae
1157 3151 1218 3218 has
1241 3151 1362 3238 reperit
1380 3152 1465 3221 sitas
1478 3154 1511 3219 in

285 3258 433 3326 scholis
465 3259 643 3328 rhetoricis.
690 3259 825 3326 Tacitus
850 3259 1054 3343 eloquentiae
1078 3259 1248 3326 decursum
1271 3261 1438 3328 Romanae
1463 3281 1511 3328 se-

287 3386 388 3450 quens
413 3373 445 3434 et
467 3365 671 3453 perpendens
695 3367 801 3433 animo
826 3387 905 3432 snae
918 3367 1038 3434 aetatis
1052 3365 1237 3433 facundiam
1251 3365 1409 3453 pristinae
1422 3375 1512 3453 post-

284 3473 467 3540 habendam
496 3473 665 3557 intellegit.
711 3473 852 3540 deterior
880 3481 943 3542 est:
979 3473 1041 3540 hoo
1069 3474 1175 3541 sentit
1231 3494 1314 3558 quae
1343 3480 1376 3540 et
1403 3476 1512 3558 qualis

285 3580 327 3646 sit
359 3588 391 3646 et
422 3602 485 3665 quo
518 3582 646 3649 nomine
677 3580 879 3667 reprehende
914 3589 946 3649 et
979 3601 1041 3664 quo
1074 3580 1178 3667 modo,
1212 3582 1240 3648 si
1268 3580 1320 3648 dis
1342 3581 1513 3669 placuerit,

286 3687 447 3755 sananda:
471 3689 553 3756 baec
577 3689 646 3756 eius
669 3709 733 3755 non
757 3689 923 3756 intersunt.
947 3689 1043 3754 immo
1068 3689 1293 3774 circumspicit,
1317 3689 1435 3774 quibus
1454 3691 1513 3757 illa

285 3796 377 3862 labes
401 3795 447 3862 sis
475 3797 592 3863 effecta
620 3797 724 3864 rebus.
775 3797 809 3861 in
837 3816 901 3880 qua
930 3797 1120 3881 quaestione
1148 3796 1245 3863 altius
1273 3795 1365 3882 tollit,
1398 3804 1434 3863 ut
1466 3799 1513 3866 ita

286 3902 401 3987 dicam,
426 3903 536 3970 oculos
559 3923 657 3986 quam
679 3903 723 3968 ad
746 3911 866 3969 tectum
881 3903 1012 3970 scholae
1027 3903 1288 3970 declamatoriae.
1320 3904 1355 3969 in
1369 3906 1513 3974 moribus

284 4009 455 4096 bominum,
477 4011 511 4077 in
535 4009 724 4077 condicione
747 4009 939 4076 iudiciorum
952 4011 1115 4095 totiusque
1131 4011 1178 4076 rei
1197 4011 1357 4097 publicae,
1382 4015 1513 4081 omnino

284 4117 318 4180 in
349 4117 418 4182 uita
449 4119 561 4204 populi
593 4118 730 4184 Romani
762 4119 863 4184 multa
890 4125 1023 4203 mutata,
1056 4119 1157 4184 multa
1192 4117 1373 4204 deprauata
1406 4120 1513 4189 uidet:

284 4223 359 4289 hinc
382 4225 500 4310 repetit
523 4245 641 4292 causas
664 4225 851 4291 imminutae
871 4225 1084 4309 eloquentiae.
1119 4224 1337 4303 Quintilianus
1353 4227 1514 4311 magister

286 4336 336 4396 est
359 4351 438 4398 suae
462 4332 552 4400 artis,
577 4332 667 4399 cuius
687 4331 819 4415 regulas
835 4331 954 4416 optime
970 4331 1081 4398 callet:
1107 4352 1184 4416 ergo
1200 4352 1293 4398 suum
1307 4339 1358 4400 est
1372 4335 1514 4419 primum

285 4436 429 4504 iudicare
453 4438 494 4505 de
521 4440 618 4505 rebus
646 4438 805 4524 oratoriis,
837 4437 956 4506 deinde
983 4439 1182 4527 praecipere,
1215 4445 1281 4504 tum
1309 4438 1439 4508 demum
1466 4444 1514 4509 in·

287 4545 410 4630 degere
437 4545 471 4612 in
502 4566 621 4613 causas
654 4546 724 4612 eius
756 4545 805 4611 rei
837 4566 933 4630 quam
964 4547 1132 4632 improbat.
1188 4545 1323 4613 Tacitus
1355 4546 1515 4617 formatus

286 4659 403 4720 natura
435 4652 478 4720 ad
515 4673 621 4722 rerum
652 4652 838 4722 memoriam
875 4652 1130 4744 intellegendam
1167 4661 1199 4723 et
1237 4653 1514 4744 conscribendam,
