<?xml version="1.0" encoding="UTF-8"?>
<!DOCTYPE html PUBLIC "-//W3C//DTD XHTML 1.0 Transitional//EN"
    "http://www.w3.org/TR/xhtml1/DTD/xhtml1-transitional.dtd">
<html xmlns="http://www.w3.org/1999/xhtml" xml:lang="en" lang="en">
 <head>
  <title>
</title>
<meta http-equiv="Content-Type" content="text/html;charset=utf-8" />
  <meta name='ocr-system' content='tesseract 3.04.00' />
  <meta name='ocr-capabilities' content='ocr_page ocr_carea ocr_par ocr_line ocrx_word'/>
</head>
<body>
  <div class='ocr_page' id='page_1' title='image "./dequintilianili01reutgoog_0048.png"; bbox 0 0 3250 5016; ppageno 0'>
   <div class='ocr_carea' id='block_1_1' title="bbox 889 326 970 392">
    <p class='ocr_par' dir='ltr' id='par_1_1' title="bbox 889 326 970 392">
     <span class='ocr_line' id='line_1_1' title="bbox 889 326 970 392; baseline 0.012 -1"><span class='ocrx_word' id='word_1_1' title='bbox 889 326 970 392; x_wconf 30' lang='lat'>42*</span> 
     </span>
    </p>
   </div>
   <div class='ocr_carea' id='block_1_2' title="bbox 295 518 1513 1896">
    <p class='ocr_par' dir='ltr' id='par_1_2' title="bbox 296 518 1511 1143">
     <span class='ocr_line' id='line_1_2' title="bbox 298 518 1510 606; baseline -0.003 -20"><span class='ocrx_word' id='word_1_2' title='bbox 298 520 488 588; x_wconf 79' lang='lat' dir='ltr'><strong>inclinasse:</strong></span> <span class='ocrx_word' id='word_1_3' title='bbox 512 543 554 589; x_wconf 94' lang='lat' dir='ltr'>ne</span> <span class='ocrx_word' id='word_1_4' title='bbox 577 520 611 588; x_wconf 92' lang='lat' dir='ltr'>iu</span> <span class='ocrx_word' id='word_1_5' title='bbox 632 521 694 588; x_wconf 92' lang='lat' dir='ltr'>hoc</span> <span class='ocrx_word' id='word_1_6' title='bbox 718 519 847 606; x_wconf 90' lang='lat' dir='ltr'>quidem</span> <span class='ocrx_word' id='word_1_7' title='bbox 867 519 1034 588; x_wconf 87' lang='lat' dir='ltr'>dissimilis</span> <span class='ocrx_word' id='word_1_8' title='bbox 1049 519 1279 606; x_wconf 87' lang='lat' dir='ltr'>praeceptoris.</span> <span class='ocrx_word' id='word_1_9' title='bbox 1316 540 1378 604; x_wconf 89' lang='lat' dir='ltr'>quo</span> <span class='ocrx_word' id='word_1_10' title='bbox 1396 518 1510 605; x_wconf 90' lang='lat' dir='ltr'>quidem</span> 
     </span>
     <span class='ocr_line' id='line_1_3' title="bbox 297 625 1509 714; baseline -0.003 -20"><span class='ocrx_word' id='word_1_11' title='bbox 297 634 333 694; x_wconf 93' lang='lat' dir='ltr'>ut</span> <span class='ocrx_word' id='word_1_12' title='bbox 356 628 416 694; x_wconf 90' lang='lat' dir='ltr'>fuit</span> <span class='ocrx_word' id='word_1_13' title='bbox 438 629 537 694; x_wconf 93' lang='lat' dir='ltr'>multo</span> <span class='ocrx_word' id='word_1_14' title='bbox 561 628 664 695; x_wconf 92' lang='lat' dir='ltr'>minor</span> <span class='ocrx_word' id='word_1_15' title='bbox 682 635 770 714; x_wconf 90' lang='lat' dir='ltr'>natu,</span> <span class='ocrx_word' id='word_1_16' title='bbox 794 629 827 694; x_wconf 97' lang='lat' dir='ltr'>in</span> <span class='ocrx_word' id='word_1_17' title='bbox 850 648 961 714; x_wconf 86' lang='lat' dir='ltr'>pugna</span> <span class='ocrx_word' id='word_1_18' title='bbox 985 647 1049 712; x_wconf 90' lang='lat' dir='ltr'>qua</span> <span class='ocrx_word' id='word_1_19' title='bbox 1072 627 1128 695; x_wconf 95' lang='lat' dir='ltr'>ille</span> <span class='ocrx_word' id='word_1_20' title='bbox 1151 625 1332 695; x_wconf 86' lang='lat' dir='ltr'>decertauit</span> <span class='ocrx_word' id='word_1_21' title='bbox 1361 647 1434 693; x_wconf 92' lang='lat' dir='ltr'>cum</span> <span class='ocrx_word' id='word_1_22' title='bbox 1455 645 1509 692; x_wconf 89' lang='lat' dir='ltr'>cor-</span> 
     </span>
     <span class='ocr_line' id='line_1_4' title="bbox 296 730 1511 821; baseline -0.004 -20"><span class='ocrx_word' id='word_1_23' title='bbox 296 736 401 821; x_wconf 90' lang='lat' dir='ltr'>ruptis</span> <span class='ocrx_word' id='word_1_24' title='bbox 423 735 495 821; x_wconf 92' lang='lat' dir='ltr'>ipse</span> <span class='ocrx_word' id='word_1_25' title='bbox 519 736 560 801; x_wconf 93' lang='lat' dir='ltr'>ab</span> <span class='ocrx_word' id='word_1_26' title='bbox 585 735 655 802; x_wconf 92' lang='lat' dir='ltr'>eius</span> <span class='ocrx_word' id='word_1_27' title='bbox 678 737 825 821; x_wconf 88' lang='lat' dir='ltr'>partibus</span> <span class='ocrx_word' id='word_1_28' title='bbox 850 735 981 803; x_wconf 76' lang='lat' dir='ltr'>stetisse</span> <span class='ocrx_word' id='word_1_29' title='bbox 1004 755 1068 801; x_wconf 91' lang='lat' dir='ltr'>non</span> <span class='ocrx_word' id='word_1_30' title='bbox 1091 741 1142 802; x_wconf 85' lang='lat' dir='ltr'>est</span> <span class='ocrx_word' id='word_1_31' title='bbox 1174 733 1418 804; x_wconf 77' lang='lat' dir='ltr'>existimandus.</span> <span class='ocrx_word' id='word_1_32' title='bbox 1463 730 1511 800; x_wconf 91' lang='lat' dir='ltr'>sed</span> 
     </span>
     <span class='ocr_line' id='line_1_5' title="bbox 297 841 1511 928; baseline -0.002 -21"><span class='ocrx_word' id='word_1_33' title='bbox 297 848 373 927; x_wconf 92' lang='lat' dir='ltr'>post</span> <span class='ocrx_word' id='word_1_34' title='bbox 391 844 486 910; x_wconf 82' lang='lat' dir='ltr'>Fabii</span> <span class='ocrx_word' id='word_1_35' title='bbox 509 849 644 910; x_wconf 90' lang='lat' dir='ltr'>mortem</span> <span class='ocrx_word' id='word_1_36' title='bbox 667 863 749 910; x_wconf 89' lang='lat' dir='ltr'>unns</span> <span class='ocrx_word' id='word_1_37' title='bbox 773 843 833 910; x_wconf 84' lang='lat' dir='ltr'>suit</span> <span class='ocrx_word' id='word_1_38' title='bbox 856 863 896 909; x_wconf 84' lang='lat' dir='ltr'>ex</span> <span class='ocrx_word' id='word_1_39' title='bbox 916 842 986 910; x_wconf 89' lang='lat' dir='ltr'>eins</span> <span class='ocrx_word' id='word_1_40' title='bbox 1001 841 1171 928; x_wconf 81' lang='lat' dir='ltr'>discipulis</span> <span class='ocrx_word' id='word_1_41' title='bbox 1187 844 1241 927; x_wconf 91' lang='lat' dir='ltr'>qni</span> <span class='ocrx_word' id='word_1_42' title='bbox 1261 841 1386 927; x_wconf 90' lang='lat' dir='ltr'>aliquid</span> <span class='ocrx_word' id='word_1_43' title='bbox 1400 843 1511 909; x_wconf 86' lang='lat' dir='ltr'>ualeret</span> 
     </span>
     <span class='ocr_line' id='line_1_6' title="bbox 298 949 1509 1044; baseline -0.003 -30"><span class='ocrx_word' id='word_1_44' title='bbox 298 955 330 1015; x_wconf 92' lang='lat' dir='ltr'>et</span> <span class='ocrx_word' id='word_1_45' title='bbox 353 949 386 1014; x_wconf 92' lang='lat' dir='ltr'>in</span> <span class='ocrx_word' id='word_1_46' title='bbox 409 971 444 1016; x_wconf 89' lang='lat' dir='ltr'>re</span> <span class='ocrx_word' id='word_1_47' title='bbox 466 950 598 1036; x_wconf 89' lang='lat' dir='ltr'>publica</span> <span class='ocrx_word' id='word_1_48' title='bbox 622 957 654 1016; x_wconf 92' lang='lat' dir='ltr'>et</span> <span class='ocrx_word' id='word_1_49' title='bbox 668 950 701 1015; x_wconf 93' lang='lat' dir='ltr'>in</span> <span class='ocrx_word' id='word_1_50' title='bbox 715 950 832 1017; x_wconf 91' lang='lat' dir='ltr'>litteris</span> <span class='ocrx_word' id='word_1_51' title='bbox 847 951 888 1016; x_wconf 92' lang='lat' dir='ltr'>ob</span> <span class='ocrx_word' id='word_1_52' title='bbox 904 970 1039 1035; x_wconf 83' lang='lat' dir='ltr'>eamque</span> <span class='ocrx_word' id='word_1_53' title='bbox 1055 971 1122 1016; x_wconf 92' lang='lat' dir='ltr'>rem</span> <span class='ocrx_word' id='word_1_54' title='bbox 1137 971 1219 1018; x_wconf 90' lang='lat' dir='ltr'>unus</span> <span class='ocrx_word' id='word_1_55' title='bbox 1231 951 1289 1044; x_wconf 78' lang='lat' dir='ltr'>qui</span> <span class='ocrx_word' id='word_1_56' title='bbox 1304 949 1509 1035; x_wconf 87' lang='lat' dir='ltr'>eloquentiam</span> 
     </span>
     <span class='ocr_line' id='line_1_7' title="bbox 297 1055 1171 1143; baseline 0.002 -21"><span class='ocrx_word' id='word_1_57' title='bbox 297 1055 490 1133; x_wconf 76' lang='lat' dir='ltr'>Quintiliani</span> <span class='ocrx_word' id='word_1_58' title='bbox 514 1079 586 1124; x_wconf 92' lang='lat' dir='ltr'>cum</span> <span class='ocrx_word' id='word_1_59' title='bbox 610 1058 804 1124; x_wconf 80' lang='lat' dir='ltr'>arroteritate</span> <span class='ocrx_word' id='word_1_60' title='bbox 828 1057 939 1141; x_wconf 87' lang='lat' dir='ltr'>aliqua</span> <span class='ocrx_word' id='word_1_61' title='bbox 962 1063 1171 1143; x_wconf 87' lang='lat' dir='ltr'>propagaret.</span> 
     </span>
    </p>

    <p class='ocr_par' dir='ltr' id='par_1_3' title="bbox 295 1161 1513 1896">
     <span class='ocr_line' id='line_1_8' title="bbox 385 1161 1511 1250; baseline -0.006 -18"><span class='ocrx_word' id='word_1_62' title='bbox 385 1165 469 1232; x_wconf 86' lang='lat' dir='ltr'>Nam</span> <span class='ocrx_word' id='word_1_63' title='bbox 496 1164 671 1250; x_wconf 80' lang='lat' dir='ltr'>Tacitus,</span> <span class='ocrx_word' id='word_1_64' title='bbox 705 1164 760 1248; x_wconf 91' lang='lat' dir='ltr'>qui</span> <span class='ocrx_word' id='word_1_65' title='bbox 787 1170 917 1250; x_wconf 87' lang='lat' dir='ltr'>praeter</span> <span class='ocrx_word' id='word_1_66' title='bbox 946 1164 1085 1230; x_wconf 89' lang='lat' dir='ltr'>Plinium</span> <span class='ocrx_word' id='word_1_67' title='bbox 1115 1163 1198 1232; x_wconf 88' lang='lat' dir='ltr'>inter</span> <span class='ocrx_word' id='word_1_68' title='bbox 1220 1164 1316 1231; x_wconf 84' lang='lat' dir='ltr'>Fabii</span> <span class='ocrx_word' id='word_1_69' title='bbox 1347 1161 1511 1250; x_wconf 90' lang='lat' dir='ltr'>discipulos</span> 
     </span>
     <span class='ocr_line' id='line_1_9' title="bbox 297 1267 1512 1357; baseline -0.005 -21"><span class='ocrx_word' id='word_1_70' title='bbox 297 1271 385 1337; x_wconf 91' lang='lat' dir='ltr'>claro</span> <span class='ocrx_word' id='word_1_71' title='bbox 408 1272 537 1338; x_wconf 90' lang='lat' dir='ltr'>nomine</span> <span class='ocrx_word' id='word_1_72' title='bbox 560 1272 706 1356; x_wconf 91' lang='lat' dir='ltr'>innotuit,</span> <span class='ocrx_word' id='word_1_73' title='bbox 722 1310 763 1320; x_wconf 87' lang='lat'>-</span> <span class='ocrx_word' id='word_1_74' title='bbox 778 1272 878 1337; x_wconf 92' lang='lat' dir='ltr'>multo</span> <span class='ocrx_word' id='word_1_75' title='bbox 902 1279 989 1338; x_wconf 90' lang='lat' dir='ltr'>certe</span> <span class='ocrx_word' id='word_1_76' title='bbox 1013 1272 1149 1338; x_wconf 84' lang='lat' dir='ltr'>clariore</span> <span class='ocrx_word' id='word_1_77' title='bbox 1174 1293 1270 1357; x_wconf 90' lang='lat' dir='ltr'>quam</span> <span class='ocrx_word' id='word_1_78' title='bbox 1295 1273 1350 1338; x_wconf 92' lang='lat' dir='ltr'>ille</span> <span class='ocrx_word' id='word_1_79' title='bbox 1375 1267 1512 1338; x_wconf 87' lang='lat' dir='ltr'>auunculi</span> 
     </span>
     <span class='ocr_line' id='line_1_10' title="bbox 297 1375 1512 1466; baseline -0.005 -22"><span class='ocrx_word' id='word_1_80' title='bbox 297 1398 376 1444; x_wconf 87' lang='lat' dir='ltr'>sane</span> <span class='ocrx_word' id='word_1_81' title='bbox 408 1379 469 1444; x_wconf 91' lang='lat' dir='ltr'>uiri</span> <span class='ocrx_word' id='word_1_82' title='bbox 501 1400 565 1445; x_wconf 91' lang='lat' dir='ltr'>non</span> <span class='ocrx_word' id='word_1_83' title='bbox 597 1379 821 1446; x_wconf 88' lang='lat' dir='ltr'>contemnendi</span> <span class='ocrx_word' id='word_1_84' title='bbox 850 1379 1001 1464; x_wconf 86' lang='lat' dir='ltr'>imitator,</span> <span class='ocrx_word' id='word_1_85' title='bbox 1033 1417 1069 1426; x_wconf 89' lang='lat'>—</span> <span class='ocrx_word' id='word_1_86' title='bbox 1101 1380 1236 1446; x_wconf 81' lang='lat' dir='ltr'>Tacitus</span> <span class='ocrx_word' id='word_1_87' title='bbox 1268 1387 1441 1466; x_wconf 87' lang='lat' dir='ltr'>postquam</span> <span class='ocrx_word' id='word_1_88' title='bbox 1471 1375 1512 1441; x_wconf 90' lang='lat' dir='ltr'>uir</span> 
     </span>
     <span class='ocr_line' id='line_1_11' title="bbox 297 1483 1511 1575; baseline -0.002 -26"><span class='ocrx_word' id='word_1_89' title='bbox 297 1484 402 1552; x_wconf 83' lang='lat' dir='ltr'>sactus</span> <span class='ocrx_word' id='word_1_90' title='bbox 430 1491 488 1572; x_wconf 86' lang='lat' dir='ltr'>est,</span> <span class='ocrx_word' id='word_1_91' title='bbox 520 1487 705 1572; x_wconf 88' lang='lat' dir='ltr'>praeceptis</span> <span class='ocrx_word' id='word_1_92' title='bbox 734 1485 974 1563; x_wconf 79' lang='lat' dir='ltr'>Quintilianeae</span> <span class='ocrx_word' id='word_1_93' title='bbox 1003 1493 1035 1553; x_wconf 90' lang='lat' dir='ltr'>et</span> <span class='ocrx_word' id='word_1_94' title='bbox 1058 1488 1162 1554; x_wconf 92' lang='lat' dir='ltr'>omnis</span> <span class='ocrx_word' id='word_1_95' title='bbox 1186 1487 1318 1554; x_wconf 91' lang='lat' dir='ltr'>scholae</span> <span class='ocrx_word' id='word_1_96' title='bbox 1342 1483 1511 1575; x_wconf 85' lang='lat' dir='ltr'>repudiatis</span> 
     </span>
     <span class='ocr_line' id='line_1_12' title="bbox 297 1593 1513 1680; baseline -0.005 -21"><span class='ocrx_word' id='word_1_97' title='bbox 297 1613 390 1659; x_wconf 88' lang='lat' dir='ltr'>suam</span> <span class='ocrx_word' id='word_1_98' title='bbox 413 1593 475 1660; x_wconf 89' lang='lat' dir='ltr'>sibi</span> <span class='ocrx_word' id='word_1_99' title='bbox 499 1593 650 1658; x_wconf 82' lang='lat' dir='ltr'>formauit</span> <span class='ocrx_word' id='word_1_100' title='bbox 673 1593 894 1680; x_wconf 82' lang='lat' dir='ltr'>elocutionem,</span> <span class='ocrx_word' id='word_1_101' title='bbox 924 1615 1007 1678; x_wconf 89' lang='lat' dir='ltr'>qnae</span> <span class='ocrx_word' id='word_1_102' title='bbox 1036 1595 1183 1679; x_wconf 89' lang='lat' dir='ltr'>quamuis</span> <span class='ocrx_word' id='word_1_103' title='bbox 1213 1595 1255 1662; x_wconf 94' lang='lat' dir='ltr'>sit</span> <span class='ocrx_word' id='word_1_104' title='bbox 1285 1595 1460 1661; x_wconf 88' lang='lat' dir='ltr'>artificiosa</span> <span class='ocrx_word' id='word_1_105' title='bbox 1486 1596 1513 1654; x_wconf 94' lang='lat' dir='ltr'>et</span> 
     </span>
     <span class='ocr_line' id='line_1_13' title="bbox 295 1700 1513 1788; baseline -0.004 -24"><span class='ocrx_word' id='word_1_106' title='bbox 295 1700 447 1785; x_wconf 85' lang='lat' dir='ltr'>insolens,</span> <span class='ocrx_word' id='word_1_107' title='bbox 489 1702 597 1768; x_wconf 91' lang='lat' dir='ltr'>uiuum</span> <span class='ocrx_word' id='word_1_108' title='bbox 639 1707 747 1766; x_wconf 89' lang='lat' dir='ltr'>tamen</span> <span class='ocrx_word' id='word_1_109' title='bbox 789 1701 892 1787; x_wconf 86' lang='lat' dir='ltr'>spirat</span> <span class='ocrx_word' id='word_1_110' title='bbox 929 1703 1069 1769; x_wconf 89' lang='lat' dir='ltr'>colorem</span> <span class='ocrx_word' id='word_1_111' title='bbox 1107 1723 1363 1788; x_wconf 85' lang='lat' dir='ltr'>generosamque</span> <span class='ocrx_word' id='word_1_112' title='bbox 1401 1700 1513 1769; x_wconf 84' lang='lat' dir='ltr'>redolet</span> 
     </span>
     <span class='ocr_line' id='line_1_14' title="bbox 296 1806 513 1896; baseline 0.005 -24"><span class='ocrx_word' id='word_1_113' title='bbox 296 1806 513 1896; x_wconf 74' lang='lat' dir='ltr'>indolem.²⁸⁸)</span> 
     </span>
    </p>
   </div>
   <div class='ocr_carea' id='block_1_3' title="bbox 294 2019 1513 2715">
    <p class='ocr_par' dir='ltr' id='par_1_4' title="bbox 294 2019 1513 2715">
     <span class='ocr_line' id='line_1_15' title="bbox 388 2019 1512 2094; baseline -0.002 -17"><span class='ocrx_word' id='word_1_114' title='bbox 388 2019 443 2090; x_wconf 76' lang='lat'>²⁸¹)</span> <span class='ocrx_word' id='word_1_115' title='bbox 466 2023 529 2078; x_wconf 82' lang='lat' dir='ltr'>Sero</span> <span class='ocrx_word' id='word_1_116' title='bbox 553 2023 623 2076; x_wconf 90' lang='lat' dir='ltr'>mihi</span> <span class='ocrx_word' id='word_1_117' title='bbox 642 2023 671 2076; x_wconf 89' lang='lat' dir='ltr'>in</span> <span class='ocrx_word' id='word_1_118' title='bbox 690 2041 788 2076; x_wconf 90' lang='lat' dir='ltr'>manus</span> <span class='ocrx_word' id='word_1_119' title='bbox 806 2023 885 2078; x_wconf 90' lang='lat' dir='ltr'>uenit</span> <span class='ocrx_word' id='word_1_120' title='bbox 904 2024 973 2077; x_wconf 86' lang='lat' dir='ltr'>liber</span> <span class='ocrx_word' id='word_1_121' title='bbox 997 2025 1022 2076; x_wconf 95' lang='lat' dir='ltr'>H</span> <span class='ocrx_word' id='word_1_122' title='bbox 1040 2024 1167 2094; x_wconf 84' lang='lat' dir='ltr'>Meyeri</span> <span class='ocrx_word' id='word_1_123' title='bbox 1187 2024 1342 2079; x_wconf 86' lang='lat' dir='ltr'>Turicensis</span> <span class='ocrx_word' id='word_1_124' title='bbox 1361 2024 1512 2093; x_wconf 23' lang='lat' dir='ltr'>quo-frag·</span> 
     </span>
     <span class='ocr_line' id='line_1_16' title="bbox 296 2111 1513 2182; baseline -0.001 -18"><span class='ocrx_word' id='word_1_125' title='bbox 296 2114 409 2166; x_wconf 87' lang='lat' dir='ltr'>menta</span> <span class='ocrx_word' id='word_1_126' title='bbox 436 2115 608 2166; x_wconf 89' lang='lat' dir='ltr'>oratorum</span> <span class='ocrx_word' id='word_1_127' title='bbox 636 2113 861 2167; x_wconf 83' lang='lat' dir='ltr'>Romanorum</span> <span class='ocrx_word' id='word_1_128' title='bbox 889 2112 1002 2182; x_wconf 81' lang='lat' dir='ltr'>collegit</span> <span class='ocrx_word' id='word_1_129' title='bbox 1030 2131 1102 2175; x_wconf 79' lang='lat' dir='ltr'>anno</span> <span class='ocrx_word' id='word_1_130' title='bbox 1128 2114 1203 2167; x_wconf 78' lang='lat'>1842.</span> <span class='ocrx_word' id='word_1_131' title='bbox 1250 2113 1324 2168; x_wconf 90' lang='lat' dir='ltr'>inter</span> <span class='ocrx_word' id='word_1_132' title='bbox 1357 2131 1427 2182; x_wconf 86' lang='lat' dir='ltr'>quae</span> <span class='ocrx_word' id='word_1_133' title='bbox 1458 2111 1513 2163; x_wconf 84' lang='lat' dir='ltr'>sunt</span> 
     </span>
     <span class='ocr_line' id='line_1_17' title="bbox 296 2200 1513 2271; baseline -0.003 -17"><span class='ocrx_word' id='word_1_134' title='bbox 296 2200 403 2255; x_wconf 78' lang='lat' dir='ltr'>Cestii</span> <span class='ocrx_word' id='word_1_135' title='bbox 422 2201 476 2254; x_wconf 92' lang='lat' dir='ltr'>Pii</span> <span class='ocrx_word' id='word_1_136' title='bbox 495 2201 587 2254; x_wconf 87' lang='lat' dir='ltr'>Iunii</span> <span class='ocrx_word' id='word_1_137' title='bbox 601 2201 775 2255; x_wconf 85' lang='lat' dir='ltr'>Gallionis</span> <span class='ocrx_word' id='word_1_138' title='bbox 793 2202 884 2255; x_wconf 84' lang='lat' dir='ltr'>Fulii</span> <span class='ocrx_word' id='word_1_139' title='bbox 899 2202 1053 2256; x_wconf 86' lang='lat' dir='ltr'>Africani</span> <span class='ocrx_word' id='word_1_140' title='bbox 1066 2203 1174 2257; x_wconf 82' lang='lat' dir='ltr'>Cassii</span> <span class='ocrx_word' id='word_1_141' title='bbox 1189 2202 1330 2271; x_wconf 86' lang='lat' dir='ltr'>reliquiae.</span> <span class='ocrx_word' id='word_1_142' title='bbox 1360 2205 1402 2257; x_wconf 87' lang='lat' dir='ltr'>est</span> <span class='ocrx_word' id='word_1_143' title='bbox 1416 2214 1513 2270; x_wconf 90' lang='lat' dir='ltr'>quoqne</span> 
     </span>
     <span class='ocr_line' id='line_1_18' title="bbox 295 2289 1512 2360; baseline -0.003 -18"><span class='ocrx_word' id='word_1_144' title='bbox 295 2289 334 2343; x_wconf 91' lang='lat' dir='ltr'>ibi</span> <span class='ocrx_word' id='word_1_145' title='bbox 357 2289 391 2344; x_wconf 92' lang='lat' dir='ltr'>de</span> <span class='ocrx_word' id='word_1_146' title='bbox 414 2289 453 2343; x_wconf 89' lang='lat' dir='ltr'>eis</span> <span class='ocrx_word' id='word_1_147' title='bbox 475 2290 566 2344; x_wconf 84' lang='lat' dir='ltr'>breuis</span> <span class='ocrx_word' id='word_1_148' title='bbox 590 2290 736 2344; x_wconf 84' lang='lat' dir='ltr'>enarratio.</span> <span class='ocrx_word' id='word_1_149' title='bbox 775 2308 845 2358; x_wconf 89' lang='lat' dir='ltr'>quae</span> <span class='ocrx_word' id='word_1_150' title='bbox 868 2290 891 2344; x_wconf 89' lang='lat' dir='ltr'>si</span> <span class='ocrx_word' id='word_1_151' title='bbox 915 2290 1050 2360; x_wconf 84' lang='lat' dir='ltr'>legissem,</span> <span class='ocrx_word' id='word_1_152' title='bbox 1080 2294 1232 2358; x_wconf 82' lang='lat' dir='ltr'>antequem</span> <span class='ocrx_word' id='word_1_153' title='bbox 1259 2291 1327 2345; x_wconf 90' lang='lat' dir='ltr'>haec</span> <span class='ocrx_word' id='word_1_154' title='bbox 1355 2291 1512 2359; x_wconf 76' lang='lat' dir='ltr'>scripseram,</span> 
     </span>
     <span class='ocr_line' id='line_1_19' title="bbox 295 2376 1513 2449; baseline -0.004 -17"><span class='ocrx_word' id='word_1_155' title='bbox 295 2379 376 2434; x_wconf 86' lang='lat' dir='ltr'>ualde</span> <span class='ocrx_word' id='word_1_156' title='bbox 404 2397 490 2433; x_wconf 87' lang='lat' dir='ltr'>essem</span> <span class='ocrx_word' id='word_1_157' title='bbox 513 2378 634 2449; x_wconf 84' lang='lat' dir='ltr'>gauisus.</span> <span class='ocrx_word' id='word_1_158' title='bbox 680 2397 754 2433; x_wconf 90' lang='lat' dir='ltr'>nunc</span> <span class='ocrx_word' id='word_1_159' title='bbox 776 2379 847 2433; x_wconf 87' lang='lat' dir='ltr'>nihil</span> <span class='ocrx_word' id='word_1_160' title='bbox 875 2379 942 2433; x_wconf 92' lang='lat' dir='ltr'>noui</span> <span class='ocrx_word' id='word_1_161' title='bbox 969 2398 1002 2433; x_wconf 86' lang='lat' dir='ltr'>ex</span> <span class='ocrx_word' id='word_1_162' title='bbox 1029 2380 1086 2433; x_wconf 90' lang='lat' dir='ltr'>illis</span> <span class='ocrx_word' id='word_1_163' title='bbox 1114 2379 1205 2434; x_wconf 79' lang='lat' dir='ltr'>didici</span> <span class='ocrx_word' id='word_1_164' title='bbox 1243 2381 1308 2433; x_wconf 89' lang='lat' dir='ltr'>sunt</span> <span class='ocrx_word' id='word_1_165' title='bbox 1338 2383 1431 2434; x_wconf 83' lang='lat' dir='ltr'>autem</span> <span class='ocrx_word' id='word_1_166' title='bbox 1456 2376 1513 2430; x_wconf 90' lang='lat' dir='ltr'>illae</span> 
     </span>
     <span class='ocr_line' id='line_1_20' title="bbox 294 2463 1513 2537; baseline -0.006 -15"><span class='ocrx_word' id='word_1_167' title='bbox 294 2467 419 2536; x_wconf 88' lang='lat' dir='ltr'>Meyeri</span> <span class='ocrx_word' id='word_1_168' title='bbox 448 2468 621 2522; x_wconf 80' lang='lat' dir='ltr'>collectiones</span> <span class='ocrx_word' id='word_1_169' title='bbox 648 2467 730 2522; x_wconf 88' lang='lat' dir='ltr'>ualde</span> <span class='ocrx_word' id='word_1_170' title='bbox 759 2467 900 2537; x_wconf 85' lang='lat' dir='ltr'>augendae</span> <span class='ocrx_word' id='word_1_171' title='bbox 928 2485 961 2522; x_wconf 82' lang='lat' dir='ltr'>ex</span> <span class='ocrx_word' id='word_1_172' title='bbox 988 2469 1134 2523; x_wconf 86' lang='lat' dir='ltr'>Senecae</span> <span class='ocrx_word' id='word_1_173' title='bbox 1161 2468 1272 2522; x_wconf 84' lang='lat' dir='ltr'>horreis.</span> <span class='ocrx_word' id='word_1_174' title='bbox 1320 2469 1393 2536; x_wconf 92' lang='lat' dir='ltr'>quod</span> <span class='ocrx_word' id='word_1_175' title='bbox 1416 2467 1438 2521; x_wconf 91' lang='lat' dir='ltr'>si</span> <span class='ocrx_word' id='word_1_176' title='bbox 1460 2463 1513 2533; x_wconf 90' lang='lat' dir='ltr'>quis</span> 
     </span>
     <span class='ocr_line' id='line_1_21' title="bbox 294 2555 1513 2626; baseline -0.002 -18"><span class='ocrx_word' id='word_1_177' title='bbox 294 2557 397 2622; x_wconf 86' lang='lat' dir='ltr'>fecerit,</span> <span class='ocrx_word' id='word_1_178' title='bbox 417 2558 539 2611; x_wconf 87' lang='lat' dir='ltr'>laborem</span> <span class='ocrx_word' id='word_1_179' title='bbox 558 2556 662 2610; x_wconf 88' lang='lat' dir='ltr'>subibit</span> <span class='ocrx_word' id='word_1_180' title='bbox 680 2559 712 2610; x_wconf 90' lang='lat' dir='ltr'>ut</span> <span class='ocrx_word' id='word_1_181' title='bbox 730 2575 785 2611; x_wconf 88' lang='lat' dir='ltr'>non</span> <span class='ocrx_word' id='word_1_182' title='bbox 804 2557 856 2611; x_wconf 88' lang='lat' dir='ltr'>sibi</span> <span class='ocrx_word' id='word_1_183' title='bbox 870 2556 1021 2611; x_wconf 91' lang='lat' dir='ltr'>iucundum</span> <span class='ocrx_word' id='word_1_184' title='bbox 1041 2557 1083 2612; x_wconf 87' lang='lat' dir='ltr'>ita</span> <span class='ocrx_word' id='word_1_185' title='bbox 1101 2557 1227 2612; x_wconf 89' lang='lat' dir='ltr'>omnibus</span> <span class='ocrx_word' id='word_1_186' title='bbox 1246 2557 1295 2626; x_wconf 90' lang='lat' dir='ltr'>qui</span> <span class='ocrx_word' id='word_1_187' title='bbox 1313 2557 1353 2611; x_wconf 91' lang='lat' dir='ltr'>rei</span> <span class='ocrx_word' id='word_1_188' title='bbox 1371 2555 1513 2612; x_wconf 89' lang='lat' dir='ltr'>rhetoricae</span> 
     </span>
     <span class='ocr_line' id='line_1_22' title="bbox 295 2645 711 2715; baseline 0 -17"><span class='ocrx_word' id='word_1_189' title='bbox 295 2645 407 2700; x_wconf 88' lang='lat' dir='ltr'>student</span> <span class='ocrx_word' id='word_1_190' title='bbox 427 2645 573 2700; x_wconf 87' lang='lat' dir='ltr'>admodum</span> <span class='ocrx_word' id='word_1_191' title='bbox 592 2647 711 2715; x_wconf 83' lang='lat' dir='ltr'>gratum.</span> 
     </span>
    </p>
   </div>
   <div class='ocr_carea' id='block_1_4' title="bbox 0 0 1630 5012">
    <p class='ocr_par' dir='ltr' id='par_1_5' title="bbox 0 0 1630 5012">
     <span class='ocr_line' id='line_1_23' title="bbox 0 0 1630 5012; baseline 0 0"><span class='ocrx_word' id='word_1_192' title='bbox 0 0 1630 5012; x_wconf 95' lang='lat' dir='ltr'> </span> 
     </span>
    </p>
   </div>
  </div>
 </body>
</html>
