3250 5016
757 350 775 414 7

243 543 295 607 Illi
327 543 426 628 igitur
457 549 522 610 tres
555 543 619 609 loci
651 565 709 631 pro
739 545 929 628 fragmentis
957 543 1099 611 habendi
1127 550 1201 610 sunt
1229 565 1312 627 quae
1340 564 1380 609 ex

154 649 237 716 libro
262 651 430 736 deperdito
454 651 525 736 ipse
546 652 639 719 nobis
657 653 872 720 conseruauit.
907 652 1034 718 accedit
1054 657 1225 736 quartus,
1249 649 1380 718 adlatus

153 757 209 823 ille
234 757 371 843 quidem,
397 757 455 824 sed
477 758 543 823 iam
566 760 694 844 plenius
718 759 956 825 exscribendus.

242 881 277 969 4)
307 882 382 948 VIII
398 886 426 969 6,
445 886 589 952 73-76:
615 885 762 967 quamuis
786 891 836 950 est
859 884 961 950 omnis
984 884 1161 969 hyperbole
1174 883 1259 950 ultra
1274 883 1379 968 iidem,

153 1011 218 1055 non
241 998 350 1056 tamen
374 1011 447 1057 esse
471 991 567 1057 debet
590 993 676 1057 ultra
700 992 830 1057 modum
852 1012 912 1057 nec
935 991 1001 1057 alia
1024 990 1080 1056 uia
1102 992 1207 1075 magis
1230 991 1264 1055 in
1287 1011 1379 1056 caco-

153 1097 269 1164 zeliam
296 1099 369 1166 itur.
416 1099 507 1183 piget
534 1099 654 1164 referre
686 1099 825 1184 plurima
856 1099 931 1164 hinc
962 1105 1034 1164 orta
1061 1098 1155 1183 uitia,
1184 1118 1255 1164 cum
1286 1118 1378 1182 prae-

153 1205 263 1271 sertim
294 1204 424 1270 minime
448 1205 513 1271 sint
535 1205 647 1288 ignota
672 1213 703 1272 et
727 1208 872 1274 obscura.
903 1225 1032 1271 monere
1060 1205 1142 1272 satis
1176 1212 1225 1270 est
1252 1205 1379 1272 mentiri

151 1312 359 1397 hyperbolen,
387 1331 447 1377 nec
474 1297 578 1378 itaut
601 1313 769 1380 mendacio
795 1313 908 1379 fallere
938 1313 1109 1379 uelit...
1134 1367 1141 1381 .
1167 1313 1201 1399 (ξ
1227 1312 1282 1399 te)
1306 1365 1314 1379 .
1337 1364 1344 1378 .
1370 1363 1376 1378 .

152 1418 186 1506 (ξ
212 1420 294 1505 76).
319 1470 325 1485 .
351 1472 358 1487 .
384 1473 389 1487 .
415 1419 474 1485 sed
498 1419 539 1484 de
561 1419 623 1485 hoc
647 1420 737 1506 satis,
761 1421 837 1504 quia
861 1420 998 1486 eundem
1021 1421 1125 1485 locum
1157 1417 1312 1506 plenius
1340 1421 1378 1485 in

152 1547 196 1592 eo
220 1526 319 1592 libro
344 1547 415 1609 quo
440 1547 581 1592 causas
606 1534 810 1614 corruptae
839 1527 1090 1611 eloquentiae
1117 1527 1378 1594 reddebamus

151 1634 414 1701 tractauimus.

240 1740 286 1807 VI
307 1761 440 1826 prooem
462 1745 482 1824 ξ
506 1745 526 1808 3
550 1740 592 1808 de
615 1748 804 1826 argumento
829 1742 903 1807 libri
926 1742 1006 1807 nihil
1030 1741 1108 1807 dicit
1130 1742 1260 1808 Fabius.

242 1995 272 2070 1)
301 1991 390 2058 Libri
419 1991 522 2074 quinti
550 1992 711 2079 capitibus
737 1995 845 2058 1-12
870 1991 1090 2069 Quintilianus
1119 1992 1251 2079 exponit
1274 1990 1315 2057 de
1339 2013 1379 2059 ea

150 2105 244 2184 parte
258 2098 453 2164 inuentionis
469 2119 553 2181 quae
568 2107 694 2184 spectat
709 2100 753 2165 ad
767 2100 1053 2186 probationem:
1078 2101 1112 2165 in
1129 2121 1193 2183 qua
1207 2099 1378 2165 tractanda

151 2205 321 2291 plurimum
346 2204 536 2289 diligentiae
564 2206 695 2272 insumit
722 2209 755 2273 in
783 2208 909 2273 ratione
938 2229 1001 2290 qua
1027 2208 1091 2274 loci
1119 2213 1379 2291 argumentorum

151 2313 354 2380 excutiantur
378 2312 593 2398 explananda.
637 2311 672 2379 cf
691 2314 718 2376 V
746 2317 794 2399 10,
818 2318 868 2383 20.
914 2335 989 2380 nam
1012 2314 1094 2380 haec
1118 2314 1291 2400 explicatio
1314 2333 1379 2378 non

150 2421 249 2486 multo
281 2420 386 2487 minus
427 2441 524 2503 quam
556 2419 723 2485 dimidiam
754 2421 828 2487 libri
868 2429 995 2507 partem
1034 2422 1155 2507 implet.
1205 2428 1378 2506 antequam

152 2527 306 2612 deinceps
329 2534 475 2593 transeat
498 2527 542 2592 ad
565 2528 859 2614 refutationem,
883 2550 1029 2616 excursu,
1052 2530 1106 2613 qui
1130 2550 1150 2594 a
1173 2530 1281 2596 media
1300 2533 1321 2610 ξ
1337 2532 1376 2595 17

152 2635 310 2720 incipiens
335 2635 477 2700 continet
501 2641 599 2720 caput
615 2638 656 2701 12
679 2635 845 2720 reliquum,
869 2636 955 2701 facto
981 2657 1016 2702 se
1041 2643 1183 2722 excusat,
1207 2636 1293 2720 quod
1310 2643 1378 2702 tam

152 2740 206 2808 diu
229 2742 263 2807 in
286 2741 403 2826 topicis
426 2749 570 2808 moratus
594 2743 645 2809 sit.
686 2741 852 2827 debebam,
876 2743 988 2828 inquit,
1011 2744 1058 2809 ita
1081 2742 1199 2829 facere,
1223 2743 1300 2827 quia
1323 2745 1377 2827 qui

152 2848 364 2916 declamando
388 2869 506 2933 pueros
531 2855 563 2914 et
586 2848 813 2916 adulescentes
833 2849 1004 2915 instituunt
1026 2850 1132 2934 ipsam
1149 2850 1234 2915 hanc
1251 2856 1378 2935 partem

152 2955 268 3022 docere
291 2977 355 3021 non
379 2956 496 3023 solent:
522 2977 584 3040 quc
608 2957 652 3041 fit,
681 2962 717 3020 ut
744 2976 807 3021 non
836 2956 880 3020 ad
904 2976 1074 3022 causarum
1096 2956 1271 3023 forensium
1294 2957 1376 3022 ueri-

151 3069 259 3148 tatem,
293 3063 352 3129 sed
384 3063 427 3128 ad
459 3064 588 3129 inanem
620 3063 799 3148 uoluptatis
827 3062 1046 3148 captationem
1074 3062 1251 3148 discipulos
1283 3085 1376 3149 prae-

150 3177 275 3254 parent.
312 3190 351 3236 ac
374 3171 439 3236 iam
463 3171 674 3237 acerbissima
697 3170 812 3237 ductus
835 3169 1060 3254 indignatione
1076 3168 1200 3236 confert
1215 3170 1289 3236 illos
1305 3191 1376 3236 eum

151 3277 365 3361 mangonibus
393 3278 448 3360 qui
482 3277 646 3364 spadones
679 3278 802 3344 faciunt
828 3277 1076 3360 uenduntque³).
1127 3298 1202 3341 nam
1225 3277 1376 3360 quemad-

151 3384 281 3450 modum
305 3384 547 3452 sceleratissimi
583 3384 632 3448 illi
667 3385 824 3451 uirilitate
857 3385 967 3450 excisa
1000 3385 1129 3450 mollem
1163 3392 1195 3450 et
1228 3403 1377 3449 eneruem

152 3492 294 3557 efficiunt
330 3491 465 3556 formam
502 3511 686 3576 puerorum,
732 3493 779 3557 ita
817 3491 1053 3557 declamatores
1091 3492 1187 3556 robur
1224 3491 1377 3573 frangunt

151 3598 366 3680 ingeniorum:
395 3597 604 3664 adsectantes
632 3599 758 3682 utrique
780 3596 1028 3683 pulchritudinis
1052 3597 1225 3681 imaginem
1247 3618 1376 3688 peruer-

153 3725 230 3772 sam.
275 3705 427 3789 placeant
451 3726 586 3791 corpora
608 3705 752 3772 libidinis
776 3725 877 3771 causa
900 3705 1048 3769 mutilata
1071 3704 1253 3770 libidinosis
1277 3705 1375 3771 homi-

151 3811 259 3878 nibus:
284 3811 377 3876 aliter
400 3812 523 3878 iudicat
546 3813 600 3896 qui
625 3820 771 3878 sanctam
794 3811 885 3877 nouit
908 3818 1065 3896 naturam,
1089 3812 1184 3878 aliter
1208 3821 1376 3879 senserunt

152 3918 204 4000 qui
229 3919 346 3985 statuis
369 3919 453 3985 fictis
481 3920 620 4005 pictisue
648 3919 767 3986 tabulis
795 3919 1041 3984 admirationem
1068 3925 1100 3983 et
1128 3918 1376 3985 delectationem

150 4031 318 4092 mouerunt
340 4046 459 4091 ueram.
496 4027 614 4092 etenim
637 4026 772 4112 perfecti
795 4027 857 4091 uiri
881 4025 983 4091 forma
1006 4025 1171 4111 pulchrius
1194 4046 1255 4092 nec
1269 4034 1375 4093 mente

152 4133 329 4216 excogitari
357 4153 461 4217 neque
489 4145 559 4200 arte
588 4133 723 4219 exprimi
751 4139 868 4218 potest.
916 4133 963 4199 sie
990 4153 1031 4199 ne
1059 4133 1221 4198 oratoriae
1245 4134 1375 4217 quidem

151 4241 229 4307 artis
252 4248 445 4326 praeceptor
465 4241 638 4326 disciplina
662 4261 721 4307 sua
740 4240 845 4306 maius
868 4240 1025 4306 meliusne
1047 4239 1247 4308 conformare
1267 4248 1376 4328 potest

223 4452 244 4521 8)
264 4455 492 4509 Scelestissimum
510 4456 592 4510 illurn
610 4473 713 4510 morem
727 4456 807 4510 Fabii
821 4455 990 4525 temporibus
1004 4454 1177 4523 frequentem
1195 4456 1278 4510 fuisse
1297 4457 1376 4512 docet

151 4541 332 4598 Suetonius
350 4563 369 4598 n
388 4545 541 4600 Domitiani
560 4546 614 4609 cl,
639 4545 686 4598 ubi
705 4546 774 4600 haec
791 4548 887 4600 narrat
905 4544 938 4599 de
956 4543 1133 4614 imperatore:
1153 4545 1268 4600 castrari
1286 4563 1374 4602 mares

151 4632 252 4694 uetuit:
277 4633 430 4709 spadonum
448 4634 497 4709 qui
515 4634 616 4692 residui
635 4633 709 4709 apud
727 4652 878 4709 mangones
898 4636 977 4692 erant
995 4633 1086 4711 pretia
1103 4635 1260 4695 moderatus
1279 4640 1327 4698 est.
