3250 5016
704 390 747 458 55

115 587 227 656 quentis
241 586 430 653 Quintilianus
448 590 548 644 fortem
562 589 686 646 animum
700 589 821 660 oolligit:
841 607 898 658 quo
914 606 945 645 re
963 592 1176 645 consentaneum
1194 590 1237 643 est
1254 606 1341 657 usque

116 695 146 734 eo
156 677 386 734 lamentationem
394 679 555 749 perductam
570 696 634 735 esse.
656 680 752 749 quodsi
767 681 852 736 uerba
865 680 899 735 de
912 680 1012 749 quibus
1021 679 1179 748 quaerimus
1190 679 1220 733 in
1229 696 1341 734 censum

114 785 252 835 uouemus,
271 768 422 838 requiritur
440 786 495 838 quo
507 769 564 825 tole
578 769 711 838 quiddam
729 770 867 826 indicetur
885 770 968 839 quale
981 773 1035 826 est:
1054 787 1120 825 non
1137 769 1202 826 ism
1221 770 1339 834 habeo,

115 857 214 914 amisi
237 861 266 914 et
289 876 361 928 quse
379 862 444 914 sunt
462 857 574 914 similis„
610 859 768 930 putauerim
791 877 856 930 ergo
878 877 927 931 pro
950 863 1030 915 tene
1056 859 1204 930 legendum
1227 876 1284 915 esse
1307 862 1340 914 te

114 967 190 1014 non,
223 951 285 1018 post
312 948 364 1003 hoo
390 947 454 1004 dein
481 948 657 1004 inserendum
683 966 741 1006 esse
771 953 878 1006 teneo.
925 968 997 1019 quoe
1024 949 1181 1006 coniectura
1208 967 1270 1004 oum
1298 952 1340 1005 est

114 1039 256 1106 facillime,
279 1043 341 1095 tum
358 1040 473 1110 praebet
491 1057 552 1094 eum
572 1057 627 1108 que
646 1057 757 1110 egemus
785 1039 960 1096 sententiam
999 1040 1119 1096 similem
1137 1040 1195 1095 loeo
1214 1039 1340 1096 sdmouit

113 1129 250 1185 medelum
268 1129 506 1201 Spaldingius‚
531 1130 579 1199 qui
598 1131 661 1200 post
678 1146 805 1200 poenes
822 1129 852 1185 in
870 1132 950 1186 textu
969 1129 1124 1186 oonlooauit
1143 1129 1241 1184 amisi
1259 1128 1339 1200 signo

113 1217 209 1276 addito
227 1219 462 1290 interrogationis.
498 1219 571 1274 redit
589 1219 641 1274 hoo
663 1218 699 1274 ed
721 1218 794 1274 idem
817 1223 903 1289 atque
925 1237 1026 1286 meum,
1049 1219 1104 1274 nisi
1122 1219 1196 1289 quod
1217 1219 1247 1274 id
1266 1219 1340 1288 quod

112 1326 164 1379 ego
182 1309 368 1379 proponebam
386 1308 494 1364 isoilius
513 1307 645 1378 explioeri
663 1311 755 1379 potest
772 1327 806 1365 ex
826 1310 933 1365 librarii
951 1309 1138 1380 neglegentia.
1171 1308 1244 1364 idem
1257 1309 1339 1364 homo

112 1397 208 1452 doetus
230 1397 456 1453 intortunium
474 1401 503 1453 et
521 1415 645 1468 poenes
664 1397 760 1454 iniecit
778 1399 830 1465 sd,
860 1399 934 1468 quod
961 1399 1174 1469 ooniungeretur
1192 1416 1255 1454 omn
1272 1415 1339 1453 uooe

111 1489 256 1556 superstes.
293 1504 348 1555 que
365 1487 396 1542 in
413 1504 443 1542 rs
459 1489 566 1542 reotum
583 1505 647 1544 eum
665 1488 766 1544 uidisse
784 1488 911 1544 arbitror.
1021 1531 1024 1540 ,

201 1594 273 1645 quse
295 1576 320 1631 si
341 1577 383 1632 ite
406 1594 434 1633 se
461 1576 573 1643 hubent,
601 1577 779 1632 enuntiatum
806 1577 880 1646 quod
903 1578 986 1648 poulo
1014 1580 1081 1632 unte
1107 1575 1338 1633 eontormsuimus

111 1665 281 1722 oontrerium
299 1669 341 1722 est
354 1666 379 1721 ei
393 1666 467 1735 quod
484 1665 584 1737 inoipit
597 1685 615 1722 a
629 1667 664 1721 si:
685 1684 756 1736 quoe
770 1667 906 1737 oppositio
925 1671 957 1723 ut
974 1667 1099 1737 patefiet,
1118 1669 1152 1722 et
1170 1665 1338 1736 corrigemus

110 1755 140 1810 in
159 1756 215 1812 sed
233 1771 341 1812 necesse
359 1757 408 1811 est.

200 1848 346 1915 supersunt
364 1862 444 1901 uoess
462 1862 536 1917 spes
555 1846 664 1902 scutis
689 1845 758 1914 [siue
776 1863 832 1916 spe
852 1846 993 1916 acutae}
1030 1844 1253 1916 Spaldingius
1272 1863 1337 1900 om·

110 1935 200 1990 nium
225 1952 301 2005 spes
323 1935 479 2006 eproximo
503 1935 648 1991 enuntiato
674 1936 744 1991 falso
762 1935 817 1990 huo
843 1934 963 2005 delapsa,
996 1935 1106 1991 soutis
1129 1954 1142 1988 s
1169 1937 1290 1990 soutue
1308 1934 1338 1989 in

112 2025 250 2080 Atticus
279 2029 337 2080 sut
369 2026 485 2080 auitae
513 2024 677 2080 mutandum
700 2043 757 2080 esse
781 2025 896 2080 censuit.
931 2025 1021 2080 fateor
1047 2024 1155 2079 nullum
1178 2041 1222 2079 me
1245 2024 1338 2079 uidere

112 2113 187 2168 uiam
215 2132 271 2183 qus
293 2131 399 2184 sperem
426 2131 470 2169 me
494 2131 699 2185 progressurum
722 2115 758 2171 sd
781 2115 850 2170 hueo
872 2114 1003 2170 sonanda.
1040 2115 1114 2169 inter
1132 2131 1225 2199 omnes
1244 2116 1338 2169 sutem

112 2221 180 2271 quae
198 2203 322 2258 homines
340 2203 414 2258 docti
433 2204 608 2273 protulerunt
632 2203 802 2259 oonieoturus
824 2203 1046 2274 ingeniosissime
1066 2206 1107 2258 est
1126 2202 1290 2259 Guilelmi
1309 2205 1338 2257 et

111 2293 249 2360 Mureti,
272 2294 400 2363 quispe
425 2311 461 2349 oo
483 2293 576 2349 uotis
599 2293 656 2364 legi
679 2293 835 2349 uoluerunt
871 2294 968 2362 itaque
990 2293 1075 2349 donee
1097 2292 1196 2348 melius
1219 2293 1274 2349 erit
1295 2292 1337 2347 in·

112 2386 235 2449 uentum,
255 2399 350 2438 censeo
368 2383 459 2438 looum
477 2383 517 2438 sio
534 2399 591 2438 esse
609 2383 769 2453 legendum:

199 2460 235 2528 te'
247 2476 390 2536 <non>
408 2475 489 2528 teneo
504 2471 640 2527 consulari
658 2490 745 2543 nuper
763 2472 910 2543 adoptione
929 2472 965 2528 sd
982 2471 1106 2527 omnium
1124 2489 1184 2542 spes
1203 2473 1337 2528 honorum

113 2562 329 2632 <propius>
353 2562 496 2617 admotum
497 2599 609 2627 .....
629 2564 658 2616 te
682 2562 806 2617 omnium
829 2567 925 2632 <spe
949 2580 986 2617 uo
1008 2562 1138 2623 notis>
1162 2562 1337 2630 eloquentius

111 2650 297 2716 candidatum,
322 2653 458 2720 superstes
480 2667 577 2720 putens
599 2653 712 2705 tentum
740 2651 775 2706 ud
801 2669 911 2721 poenas.
947 2651 1082 2715 <sed>
1109 2651 1132 2704 si
1160 2668 1215 2706 non
1238 2650 1337 2720 cupido

111 2738 187 2804 lueis,
207 2743 281 2795 oerte
304 2739 443 2810 patientis
461 2739 585 2795 uindicet
603 2744 731 2802 <me>
750 2739 956 2809 relique<e>
974 2745 1136 2804 mes<e>
1154 2741 1336 2804 aetst<i>.
