3250 5016
857 289 901 354 34

267 483 311 550 ad
343 484 458 551 aedem
489 482 613 550 Mariae
645 483 862 568 Magdalenae
895 485 950 551 siti
976 483 1244 552 Vratislauicnsis
1276 484 1352 550 anni
1383 481 1487 570 1862).

266 590 467 658 demonstrat
497 591 592 656 homo
622 590 750 676 doctus,
783 612 867 676 quae
897 592 967 659 eius
996 591 1092 658 fuerit
1121 591 1223 657 oratio
1253 598 1285 656 et
1309 591 1488 676 explicatio,

268 698 384 780 quibus
412 719 490 765 usus
520 699 562 766 sit
589 698 702 783 figuris
727 706 759 764 et
788 700 966 780 sententiis,
995 719 1057 783 quo
1088 699 1130 765 sit
1158 699 1254 764 modo
1282 705 1432 766 uersatus
1458 699 1488 762 in

267 803 481 873 diuisionibus
515 813 548 872 et
580 807 739 890 eligendis
772 807 933 874 thematis.
988 811 1090 872 totum
1122 806 1192 872 cius
1227 805 1357 872 dicendi
1390 825 1488 890 genus

267 911 410 978 ostendit
450 913 551 980 fuisse
582 914 747 980 Asianum.
813 915 929 998 quibus
967 913 1139 998 quicquam
1183 912 1224 978 de
1260 934 1332 979 meo
1371 912 1489 978 addere

266 1040 326 1086 neo
353 1041 487 1106 possum
515 1027 547 1087 et
573 1022 657 1107 nolo,
686 1022 762 1104 quia
789 1021 868 1087 mihi
896 1042 960 1086 non
988 1029 1038 1088 est
1065 1022 1099 1085 in
1129 1021 1236 1086 animo
1266 1021 1428 1105 inquirere
1459 1020 1489 1084 in

265 1129 451 1194 memoriam
479 1130 664 1214 rhetorices,
693 1127 751 1194 sed
776 1151 815 1195 ex
844 1129 913 1196 eius
943 1129 1065 1194 ambitu
1093 1149 1149 1195 eos
1173 1129 1327 1212 colligere
1354 1129 1388 1194 in
1412 1147 1490 1210 quos

267 1233 489 1311 Quintilianea
511 1237 600 1300 notio
625 1242 844 1322 corruptorum
877 1236 995 1302 cadere
1019 1235 1177 1302 uideatur.
1224 1243 1321 1319 atque
1352 1236 1404 1302 his
1437 1233 1490 1299 ad-

267 1343 407 1408 scribere
430 1342 570 1408 Fuscum
592 1343 639 1407 ita
668 1363 733 1408 non
756 1342 876 1428 dubito,
904 1349 939 1409 ut
963 1342 1155 1409 dissentiam
1179 1364 1199 1408 a
1221 1342 1385 1408 Lindnero
1410 1341 1490 1407 arbi-

266 1449 365 1513 tranti
388 1468 409 1533 p
433 1450 476 1514 22
501 1469 613 1516 sanam
638 1469 710 1515 eum
734 1456 878 1515 secutum
902 1470 976 1516 esse
1000 1449 1225 1532 eloquentiam.
1271 1470 1346 1514 nam
1370 1449 1491 1516 Asiana

266 1554 466 1621 abundantia
490 1563 522 1622 et
544 1556 670 1622 luxurie
695 1557 764 1622 eius
788 1556 973 1622 facundiam
996 1557 1193 1623 maculatam
1216 1556 1318 1623 fuisse
1342 1558 1414 1641 ipse
1437 1555 1490 1620 ille

267 1662 363 1727 dixit:
387 1663 528 1730 Asianos
553 1670 660 1728 autem
684 1663 806 1729 similes
831 1684 904 1730 esse
929 1670 1147 1749 corruptorum
1171 1663 1391 1741 Quintilianus
1415 1663 1491 1728 dicit

266 1769 343 1834 VIII
357 1774 523 1855 prooem}
541 1775 589 1835 ll.
627 1769 663 1834 cf
672 1792 693 1855 p
711 1773 761 1849 12,
787 1771 841 1835 ubi
865 1771 969 1835 locum
994 1771 1161 1855 exscripsi.
1199 1770 1309 1852 itaque
1333 1771 1491 1853 corrigen-

268 1876 343 1942 dum
371 1876 500 1943 uidetur
528 1876 666 1943 hominis
692 1876 778 1943 docti
806 1877 847 1944 de
870 1878 976 1944 Fusco
1004 1877 1158 1942 iudicium
1183 1877 1268 1942 huno
1296 1877 1329 1941 in
1356 1876 1492 1959 modum,

266 1990 302 2048 ut
325 1984 544 2051 existimemus
571 1984 731 2050 rhetorem
753 1985 834 2050 Asia
863 1983 1030 2050 oriundum
1054 2005 1160 2050 mores
1183 1984 1375 2051 hernaculos
1405 2005 1490 2050 secu·

266 2096 333 2155 tum
361 2093 543 2176 corrupisse
572 2092 788 2175 eloquentiam
811 2093 997 2157 Romanam.
1044 2098 1130 2157 certe
1159 2097 1209 2157 est
1236 2090 1405 2157 habendus
1434 2111 1490 2176 pro

266 2218 329 2262 uno
358 2219 398 2263 ex
425 2198 535 2265 multis
568 2198 839 2264 declamatoribus
872 2219 952 2281 quos
985 2199 1135 2263 nocuisse
1169 2197 1341 2264 facundiae
1370 2198 1491 2263 Fabius

268 2305 481 2387 conqueritur.
530 2306 655 2371 Seneca
689 2305 730 2370 de
762 2306 831 2371 eius
865 2304 993 2371 dicendi
1027 2325 1145 2388 genere
1178 2304 1257 2370 dicit
1290 2305 1431 2370 Controu
1461 2303 1492 2366 II

266 2411 402 2495 praef§
428 2415 455 2478 1.

356 2521 389 2596 4)
412 2519 526 2584 Arellii
540 2519 638 2585 Fusci
662 2517 790 2583 auditor
813 2518 874 2583 fuit
897 2519 1081 2603 Papirius
1104 2520 1312 2604 Fabianus
1336 2520 1392 2602 qui
1416 2518 1492 2583 adu-

266 2622 393 2691 lescens
422 2624 626 2709 declamauit,
657 2633 733 2710 post
761 2647 838 2691 uero
868 2647 886 2691 e
916 2626 1027 2691 schola
1055 2626 1098 2691 ad
1124 2626 1364 2712 philosophiam
1392 2634 1493 2691 trans-

266 2731 357 2814 fugit.
395 2730 430 2797 cf
450 2732 622 2798 Senecae
642 2732 741 2798 Oontr
756 2733 788 2796 ΙΙ
810 2732 909 2817 praef
923 2735 942 2814 ξ
959 2736 1054 2799 1-3.
1101 2734 1169 2816 egit
1192 2733 1232 2799 de
1256 2732 1493 2798 eoAGHoe·

267 2836 388 2921 ligius
434 2840 467 2903 in
509 2838 738 2906 dissertatione
776 2839 961 2923 inaugurali
1005 2840 1255 2906 Vratislauicnsi
1293 2839 1333 2904 dc
1370 2838 1493 2924 Papirii

265 2946 403 3010 Fabiani
433 2946 502 3010 uita
536 2946 729 3033 scriptisque
768 2967 851 3012 anno
886 2951 968 3014 1852
998 2947 1187 3032 composita.
1239 2947 1330 3013 ouius
1364 2947 1492 3029 quidem

267 3053 300 3117 in
324 3059 461 3138 gentem,
490 3060 640 3138 aetatem,
671 3053 779 3120 studia
802 3053 996 3139 philosopha
1019 3054 1187 3136 inquisiuit
1209 3055 1318 3138 potius
1342 3075 1439 3138 quam
1462 3055 1494 3117 in

268 3180 370 3243 genus
395 3159 533 3226 dicendi.
581 3181 665 3244 quae
694 3161 779 3225 enim
807 3161 848 3226 de
876 3161 937 3226 hoc
966 3160 1111 3245 disputat
1139 3183 1160 3246 p
1186 3164 1316 3228 36-38
1345 3162 1392 3226 ita
1421 3168 1494 3228 sunt

267 3274 463 3352 comparata,
492 3274 527 3332 ut
551 3269 670 3334 amoris
700 3287 763 3350 quo
786 3268 876 3332 illum
900 3268 992 3332 homo
1024 3267 1138 3333 doetus
1162 3269 1375 3352 amplectatur
1399 3269 1494 3352 signa

266 3395 345 3458 prae
370 3394 405 3440 se
432 3375 539 3440 ferant
561 3375 656 3440 nimis
679 3375 862 3459 perspicua.
907 3375 1017 3457 itaque
1041 3396 1113 3440 cum
1136 3382 1266 3458 praeter
1288 3375 1373 3440 huno
1391 3397 1493 3460 nemo,

268 3480 354 3564 quod
378 3481 487 3565 seiam,
512 3481 553 3546 de
576 3480 731 3546 facundia
745 3481 869 3566 Papirii
893 3480 971 3546 data
987 3501 1086 3566 opera
1110 3482 1304 3566 exposuerit
1328 3483 1406 3546 mihi
1422 3489 1494 3550 sunt

266 3587 423 3652 hocloco
447 3595 558 3672 partes
582 3588 729 3654 historici
752 3588 920 3654 tenendae.
966 3588 1095 3653 uidetur
1118 3595 1226 3653 autem
1246 3589 1407 3674 Papirius,
1432 3610 1493 3673 quo

267 3702 411 3779 tempore
434 3695 467 3758 in
490 3695 659 3760 rhetoricis
683 3701 833 3760 uersatus
855 3691 915 3778 est,
939 3696 1086 3777 quamuis
1110 3696 1238 3778 magnis
1252 3696 1403 3760 laudibus
1420 3696 1492 3762 effe·

268 3808 357 3866 ratur
385 3821 405 3865 a
430 3801 563 3886 Seneca,
597 3809 705 3866 tamen
738 3822 778 3866 ea
806 3801 960 3866 facundia
992 3802 1094 3867 fuisse
1126 3823 1220 3885 quarn
1255 3803 1323 3868 iure
1351 3803 1492 3867 nomina·

266 3928 374 3973 remus
398 3918 588 3993 corruptam.
634 3909 748 3973 mirum
770 3908 915 3993 profecto
940 3914 972 3974 et
993 3927 1100 3993 paene
1128 3909 1316 3974 incredibile
1340 3916 1437 3994 esset,
1467 3911 1492 3976 si

147 4028 148 4031 ’
266 4016 296 4082 is
325 4036 418 4098 quem
447 4017 588 4081 Asianus
621 4016 776 4098 magister
809 4016 1003 4081 instituisset
1035 4016 1117 4080 liber
1144 4015 1261 4082 fuisset
1293 4017 1334 4080 ab
1369 4018 1494 4083 Asiana

267 4122 430 4190 uecordia.
478 4143 517 4187 ao
545 4122 817 4188 declamationum
844 4122 1022 4207 particulas
1047 4143 1067 4186 a
1091 4123 1217 4188 Seneca
1246 4129 1394 4189 seruatas
1423 4145 1493 4210 per·

266 4231 413 4313 legentes
447 4231 479 4294 in
504 4229 628 4296 duobus
661 4229 800 4294 maxime
832 4229 921 4294 uitiis
950 4229 1154 4295 offendimus:
1187 4250 1284 4295 unum
1317 4237 1375 4314 est,
1408 4231 1494 4314 quod

266 4337 462 4423 hyperboles
490 4337 626 4420 figuram
656 4356 754 4420 supra
784 4334 914 4400 modum
943 4336 1095 4420 extendit,
1129 4336 1273 4422 alterum,
1306 4337 1392 4420 quod
1423 4359 1492 4405 sen·

266 4445 376 4510 tentiis
404 4445 540 4527 lusuque
568 4444 736 4508 uerborum
765 4443 903 4509 lasciuit.
954 4452 1123 4526 utrumque
1151 4451 1259 4510 autem
1290 4445 1492 4511 meminimus

266 4569 286 4614 a
309 4550 412 4614 Fabio
434 4548 627 4635 reprehendi
650 4550 684 4614 in
707 4551 875 4636 corruptis.
