3250 5016
710 395 752 458 41

118 585 209 651 illum
232 607 304 652 cum
327 586 447 652 iudicio
472 587 642 672 studioque
671 610 735 655 non
758 589 931 656 dissentire
954 610 1187 674 cognoscamus
1211 589 1343 667 altuin-

117 693 251 778 tiliano,
266 694 412 759 similiter
435 703 532 777 atque
556 695 639 762 hunc
663 697 822 762 infensum
846 696 947 763 fuisse
970 698 1128 782 corruptis
1144 698 1344 764 arbitremur.

119 801 236 867 etenim
265 821 330 866 non
356 802 452 867 modo
481 823 564 885 quae
594 803 635 868 de
663 803 847 887 eloquentia
876 804 910 868 in
936 804 1121 870 uniuersum
1150 805 1255 888 sentit,
1285 804 1344 870 sed

118 907 218 974 etiam
242 908 371 992 singula
395 929 479 993 quae
503 909 544 976 de
568 910 706 993 singulis
725 911 901 976 recentium
915 911 1038 996 profert
1053 911 1141 977 uitiis
1158 911 1344 996 conspirant

118 1035 189 1080 oum
214 1015 262 1081 eis
286 1036 369 1098 quae
392 1016 514 1082 Fabius
539 1016 579 1082 de
604 1017 727 1083 eisdem
749 1018 845 1084 rebus
875 1023 994 1085 censet.
1042 1038 1125 1101 quae
1148 1018 1246 1103 paulo
1269 1026 1344 1103 post

117 1121 306 1188 adcuratius
339 1123 531 1209 exponenda
564 1131 668 1208 erunt,
702 1125 757 1192 ubi
790 1123 1019 1210 disputandum
1052 1125 1113 1190 erit
1146 1125 1186 1190 de
1218 1125 1343 1190 ratione

62 1258 64 1262 ¹
117 1249 201 1313 quae
225 1229 397 1296 intercedit
420 1231 503 1296 iuter
526 1232 633 1297 Taciti
652 1231 826 1316 Dialogum
851 1240 883 1299 et
905 1233 1000 1297 Fabii
1024 1231 1065 1299 de
1089 1233 1197 1298 causis
1219 1232 1343 1297 librum.

212 1353 264 1440 13)
292 1354 444 1421 Plinius
478 1355 677 1422 Secundus
711 1378 782 1423 cum
810 1364 842 1422 et
869 1358 940 1443 ipse
964 1357 1048 1443 epist
1071 1359 1102 1421 ΙΙ
1129 1359 1177 1442 14,
1202 1361 1222 1422 2
1246 1355 1343 1434 Quin-

116 1461 223 1526 tiliani
256 1481 291 1527 se
324 1482 398 1528 esse
430 1463 624 1548 discipulum
661 1471 798 1530 testetur
835 1472 867 1531 et
900 1465 1080 1530 elocutione
1116 1471 1225 1530 utatur
1262 1483 1344 1548 pura

117 1567 363 1654 emendataque,
396 1591 461 1635 non
494 1576 543 1636 est
575 1592 630 1636 cur
662 1571 853 1656 dubitemus,
891 1572 968 1655 quin
1005 1573 1103 1638 etiam
1136 1571 1343 1654 orationibus

116 1695 198 1758 quas
231 1675 344 1742 habuit
375 1679 551 1764 multas²⁸),
583 1680 731 1762 magistri
763 1687 939 1764 praecepta
977 1679 1019 1745 sit
1053 1686 1192 1744 secutus.
1248 1685 1279 1743 et
1310 1677 1344 1740 in

117 1783 267 1868 epistulis
292 1785 352 1849 etsi
376 1805 535 1868 nusquam
558 1787 721 1871 expressis
745 1787 853 1852 uerbis
877 1785 1062 1851 facundiam
1087 1793 1269 1870 corruptam
1288 1784 1343 1849 ille

116 1890 260 1975 incessit,
288 1897 396 1958 tamen
424 1893 487 1958 loci
515 1894 720 1970 inueniuntur
749 1894 864 1977 quibus
887 1894 946 1958 illa
969 1893 1010 1960 de
1035 1913 1072 1958 eo
1098 1892 1257 1959 sententia
1280 1899 1343 1957 sta-

117 1997 259 2065 biliatur.
307 1998 386 2064 dicit
410 1999 494 2064 enim
517 2001 642 2067 Plinius
666 2008 797 2066 austera
813 2006 845 2065 et
859 2021 974 2085 pressa
989 1999 1136 2065 dulcibus
1151 1998 1344 2081 blandisque

116 2103 333 2188 praeferenda
357 2127 430 2172 csse
454 2114 486 2172 et
508 2108 540 2170 ΙΙ
563 2111 611 2191 19,
635 2111 664 2192 6,
688 2108 743 2173 ubi
766 2109 866 2172 uerba
889 2107 971 2172 haec
995 2114 1082 2172 sunt:
1112 2113 1228 2189 quotus
1259 2106 1343 2188 quis-

119 2231 181 2295 que
206 2218 273 2277 tam
295 2218 402 2278 rectus
426 2213 554 2278 auditor
577 2235 671 2297 quem
695 2235 759 2279 non
781 2215 890 2299 potius
914 2214 1022 2278 dulcia
1036 2214 1118 2279 haec
1142 2221 1174 2278 et
1194 2212 1344 2279 sonantia

118 2339 216 2402 quam
239 2326 370 2385 austera
395 2327 427 2385 et
448 2341 563 2405 pressa
588 2321 769 2388 delectent?
794 2329 827 2387 et
851 2322 910 2386 Vll
936 2325 985 2406 18,
1012 2324 1058 2405 10,
1082 2322 1137 2386 ubi
1159 2321 1241 2386 haec
1265 2320 1344 2403 legi-

116 2446 203 2491 mus:
236 2447 358 2510 preoor,
387 2434 422 2491 ut
450 2427 643 2511 quandoque
671 2430 782 2494 ueniat
810 2428 880 2494 dies
1016 2448 1078 2511 quc
1110 2428 1249 2494 austeris
1278 2426 1344 2492 illis

119 2534 307 2615 seuerisque
332 2533 440 2600 dulcia
463 2535 547 2600 haec
569 2535 754 2619 blandaque
778 2537 830 2600 uel
850 2537 936 2600 iusta
952 2535 1161 2620 possessione
1176 2534 1344 2600 decedant.

119 2639 209 2726 (of§
234 2643 279 2723 8).
326 2639 479 2726 deinceps
507 2643 592 2708 binis
620 2642 746 2728 litteris,
779 2644 854 2709 115
884 2651 915 2708 et
938 2643 986 2706 IX
1010 2646 1061 2726 26,
1094 2642 1137 2707 ad
1164 2641 1345 2727 Lupercum

118 2747 207 2814 datis
232 2767 267 2813 se
291 2754 433 2832 excusat,
457 2749 543 2831 quod
565 2749 598 2814 in
614 2751 812 2816 orationibus
832 2770 913 2832 quas
927 2749 975 2814 illi
990 2748 1207 2834 perlegendas
1221 2748 1345 2813 miserit

119 2854 260 2920 fortasse
284 2854 436 2920 tumidior
460 2876 532 2922 esse
555 2857 661 2942 possit
683 2857 796 2922 uideri.
842 2864 908 2921 tum
933 2856 1157 2921 cacozeliae
1177 2856 1345 2921 uitiosum

118 2966 176 3026 aut
199 2961 334 3026 liberum
358 2961 459 3028 fuisse
474 2971 530 3029 aut
544 2965 688 3030 uoluisse
703 2964 840 3029 liberum
856 2984 928 3030 esse
942 2969 1034 3049 patet
1054 2983 1094 3028 ex
1108 2963 1156 3026 III
1176 2965 1221 3047 13,
1236 2967 1265 3047 4,
1289 2962 1345 3027 ubi

85 3077 86 3080 ’
117 3067 201 3134 haec
212 3068 338 3134 scribit:
353 3089 503 3136 necuere
520 3069 717 3137 adfectanda
733 3077 807 3137 sunt
821 3091 948 3157 semper
963 3071 1049 3136 elata
1061 3076 1093 3136 ct
1107 3070 1246 3136 excelsa.
1269 3090 1344 3134 nam

117 3182 153 3241 ut
177 3176 211 3240 in
234 3175 360 3260 pictura
376 3176 483 3242 lumen
506 3199 570 3243 non
593 3179 660 3243 alia
684 3199 736 3244 res
759 3179 864 3262 magis
889 3199 985 3261 quam
1004 3178 1116 3243 umbra
1132 3175 1343 3261 commendat,

116 3283 165 3348 ita
181 3283 359 3349 orationem
383 3289 448 3348 tam
473 3286 659 3350 submittere
683 3305 779 3369 quam
803 3286 951 3351 attollere
971 3284 1072 3349 decet.
1110 3303 1246 3367 quocum
1270 3303 1342 3347 con-

115 3390 251 3454 ueniunt
267 3411 351 3473 quae
366 3391 413 3456 ait
421 3392 469 3456 IX
480 3396 531 3477 26,
542 3396 577 3459 6:
593 3393 660 3457 acri
675 3393 853 3458 intentione
863 3390 1106 3456 diiudicandum
1126 3397 1184 3474 est,
1198 3388 1342 3454 immodi-

115 3519 188 3562 cum
204 3496 247 3562 sit
262 3517 305 3562 au
318 3499 449 3585 grande,
465 3500 565 3565 altum
582 3520 624 3564 an
638 3521 775 3566 enorme.
796 3499 934 3582 denique
944 3498 1195 3564 Demosthenem
1207 3497 1343 3562 Caluum

114 3604 260 3669 Tullium
293 3605 354 3670 sibi
382 3605 557 3671 imitandos
590 3607 741 3692 proponit
772 3608 841 3691 12,
866 3611 885 3671 2
911 3613 943 3671 et
965 3606 1009 3670 IV
1034 3609 1063 3690 8,
1088 3608 1117 3670 ὃ.
1163 3603 1196 3667 in
1220 3624 1284 3686 qua
1307 3624 1342 3668 re

112 3712 257 3777 maxime
281 3719 330 3776 est
352 3712 529 3778 notandum
553 3713 711 3778 Caluum
735 3715 777 3779 ab
801 3734 839 3779 ec
864 3712 1023 3799 appellari
1047 3732 1160 3777 suum.
1208 3711 1343 3777 Caluum

114 3820 201 3884 enim
235 3825 362 3884 constat
394 3821 435 3884 ab
469 3821 554 3884 omni
582 3827 704 3886 tumore
728 3821 866 3887 maxime
889 3819 1103 3884 abhorruisse.
1150 3819 1255 3883 locum
1279 3839 1341 3901 quo

111 3925 486 4012 pronuntiationem,
511 3947 595 4011 quae
618 3934 685 3992 tum
709 3948 769 3993 usu
792 3928 890 4007 uenit,
914 3926 1028 3992 eodem
1044 3931 1228 4010 contemptu
1244 3931 1342 4008 atque

112 4033 336 4110 Quintilianus
360 4034 499 4120 despicit
522 4035 586 4099 iam
610 4034 705 4100 attuli
720 4057 742 4119 p
758 4038 799 4099 22
817 4034 881 4099 adn
901 4038 948 4100 14.
981 4040 1121 4099 ceterum
1136 4031 1243 4096 omnia
1258 4052 1342 4115 quae

111 4141 242 4206 Plinius
267 4139 308 4206 de
331 4161 449 4224 genere
473 4141 602 4207 dicendi
627 4162 684 4207 suo
708 4141 770 4206 huc
794 4141 871 4206 illuc
895 4159 1011 4226 sparsa
1034 4139 1132 4205 refert
1155 4138 1342 4224 respicienti

109 4248 221 4330 magis
251 4247 295 4311 ad
322 4248 501 4314 ubertatem
528 4248 607 4312 mihi
634 4247 763 4314 uidetur
792 4268 888 4331 quam
917 4246 960 4312 ad
984 4246 1161 4312 exilitatem
1185 4245 1340 4312 orationis

206 4495 242 4565 ²⁸)
261 4497 325 4551 Loci
353 4498 452 4566 quibus
479 4498 607 4552 docemur
634 4497 667 4552 de
696 4515 729 4552 ea
751 4515 780 4551 re
804 4498 928 4568 congesti
950 4500 1015 4551 sunt
1038 4515 1055 4550 a
1078 4495 1210 4550 Teuffelio
1233 4497 1258 4549 H
1277 4497 1298 4550 L
1316 4497 1341 4549 R

107 4591 125 4656 ξ
148 4588 209 4654 340,
230 4589 247 4642 3
266 4586 343 4656 (=p
362 4589 412 4642 787
432 4587 466 4643 ed
483 4587 584 4655 Schw).
605 4587 697 4641 adfero
711 4587 751 4643 IV
766 4591 790 4643 5.
815 4589 839 4651 9,
859 4591 883 4640 4.
908 4587 951 4645 24,
990 4587 1012 4645 V
1031 4587 1062 4645 12
1081 4585 1234 4646 orationem
1251 4586 1339 4654 publi·

108 4694 175 4733 care
194 4675 310 4745 cogitat.
