3250 5016
444 1148 752 1246 Conspectus
784 1143 1227 1225 commentationis.

779 1304 886 1319 tvvm

220 1396 395 1462 Praefatio.

221 1503 246 1568 (l
283 1504 316 1566 I:
355 1503 406 1567 De
435 1500 634 1578 Quintiliano
661 1499 736 1566 libri
764 1499 805 1564 de
833 1498 943 1564 causis
972 1503 1140 1584 corruptae
1169 1497 1233 1564 elo·

359 1609 510 1692 quentiae
534 1614 673 1673 auctore.
716 1606 756 1672 de
780 1606 1008 1671 uocabulorum
1031 1624 1234 1691 corrumpere

360 1723 392 1781 et
415 1722 583 1801 corruptus
606 1735 666 1780 usu
691 1711 910 1789 Quintilianeo
953 1763 1227 1780 .......
1269 1735 1291 1798 p
1340 1718 1448 1783 1-3

222 1822 246 1888 O
279 1823 323 1887 ll:
357 1823 409 1887 De
441 1822 522 1887 loeis
560 1841 600 1886 ex
638 1840 736 1906 opere
771 1820 894 1884 minore
930 1818 964 1883 in
995 1819 1234 1884 institutionem

361 1928 530 1994 translatis
552 1976 1227 1995 ................
1270 1949 1292 2012 p
1338 1931 1450 1997 4-10

221 2035 329 2101 0111:
354 2036 406 2102 De
425 2040 576 2119 corrupta
599 2034 783 2116 eloquentia
804 2032 908 2115 deque
932 2031 1002 2098 eius
1023 2031 1132 2098 causis
1156 2032 1234 2115 quid

354 2142 492 2207 senserit
515 2139 734 2213 Quintilianus
773 2189 1226 2208 ...........
1268 2163 1290 2226 p
1317 2145 1445 2210 11—27

221 2249 247 2314 G
270 2250 328 2314 IV:
352 2248 403 2312 De
427 2247 586 2332 corruptis
610 2246 715 2330 deque
739 2245 808 2312 eius
832 2245 991 2330 oppositis
999 2297 1225 2314 ......
1268 2269 1289 2332 p
1314 2251 1447 2318 28-42

485 2355 526 2408 De
544 2355 664 2408 Seneca¹
901 2353 942 2406 De
960 2352 1034 2406 Julic
1053 2353 1183 2407 Africano

485 2443 527 2497 De
546 2442 638 2496 Cassio
656 2442 755 2496 Seuero
902 2442 942 2495 ce
960 2442 990 2494 Μ
1008 2441 1082 2510 Apro

485 2533 526 2586 Dc
544 2533 629 2585 Fusco
648 2531 752 2584 Arellio
904 2531 944 2584 De
963 2531 1038 2585 Julio
1056 2531 1179 2586 Secundo
1301 2591 1302 2594 Ἴ

485 2621 526 2674 De
545 2619 655 2688 Papirio
674 2619 796 2674 Fabiano
908 2620 948 2674 De
967 2620 1075 2674 Vitorio
1093 2621 1223 2675 Marcello

486 2710 525 2763 De
545 2709 636 2763 Cestio
655 2709 704 2763 Pio
906 2710 947 2763 Dc
963 2709 1101 2778 Vipstano
1119 2711 1238 2764 Messala

486 2799 526 2852 De
545 2797 628 2852 Junio
648 2798 775 2852 Gallione
909 2799 950 2852 De
969 2798 1059 2852 Plinio
1078 2797 1201 2852 Secundo

484 2887 525 2941 Dc
544 2886 638 2940 Curtio
657 2886 729 2940 Rufo

220 2976 244 3042 Ο
277 2978 320 3042 V:
355 2975 426 3053 Quo
451 2981 595 3060 tempore
624 2974 664 3039 de
693 2975 801 3040 causis
830 2982 1000 3060 corruptae
1028 2974 1232 3058 eloquentiae

352 3082 434 3149 liber
458 3082 500 3148 sit
524 3082 726 3166 conscriptus
769 3132 1224 3151 ...........
1267 3105 1289 3168 p
1313 3086 1446 3151 43-52

395 3190 530 3243 Excursus
548 3189 573 3242 1:
598 3189 632 3242 de
650 3188 758 3244 ratione
777 3205 833 3256 qua
850 3188 954 3258 prodiit
967 3188 1132 3244 Institutio,
1171 3233 1177 3245 .
1215 3233 1222 3246 .
1267 3174 1445 3258 p52-53

394 3278 529 3332 Excursus
547 3278 587 3332 II:
614 3278 647 3332 de
666 3277 858 3332 emendatione
876 3277 915 3331 VI
933 3294 1044 3347 procem
1062 3278 1094 3344 ἐξ
1113 3279 1129 3330 3
1149 3282 1177 3332 et
1198 3283 1230 3334 13
1267 3283 1288 3347 p
1312 3265 1446 3329 53-55

218 3365 244 3430 G
267 3365 325 3430 VI:
349 3366 437 3432 Inter
451 3365 642 3443 Quintiliani
657 3367 821 3433 decausis
843 3372 1013 3450 corruptae
1028 3366 1232 3450 eloquentiae

350 3472 465 3538 librum
493 3481 525 3538 et
547 3474 655 3539 Taciti
683 3473 723 3538 de
748 3473 930 3540 oratoribus
959 3472 1124 3556 dialogum
1148 3494 1232 3557 quae

349 3579 530 3645 intercedat
553 3581 635 3645 ratic
680 3631 1223 3648 .............
1266 3602 1287 3665 p
1312 3583 1444 3648 56-63

219 3684 327 3750 CVII:
350 3686 388 3751 In
418 3687 573 3751 memoria
605 3686 784 3751 litterarum
819 3707 913 3770 quem
945 3687 1051 3752 locum
1087 3686 1232 3752 obtineat

352 3792 536 3875 eloquentia
561 3790 752 3868 Quintiliani
768 3845 1222 3862 ...........
1265 3816 1286 3879 p
1311 3796 1445 3868 64-72
