3250 5016
882 373 926 437 30

288 563 390 629 nostri
413 565 530 650 uerbis,
554 566 618 631 nisi
640 565 748 651 fallor,
772 567 844 632 luce
874 567 1066 634 0110101100
1097 569 1203 634 omnia
1236 590 1448 653 quaecuuque
1476 570 1514 636 de

288 671 415 735 Annaei
447 671 661 738 admiratione
693 672 910 757 proferantur,
942 695 1005 739 non
1039 695 1079 740 ex
1109 676 1207 740 animi
1242 678 1402 742 sententia
1432 678 1516 742 dicta

289 797 371 862 esse,
395 778 454 844 sed
477 779 669 845 0011101010
694 799 858 865 expressa,
883 801 945 864 quo
971 782 1013 846 011
1035 783 1158 848 0011100
1187 783 1276 848 111011
1306 805 1326 848 0
1354 784 1516 869 0101100οθ

288 883 476 951 adamatum
499 887 593 969 quasi
617 886 701 972 pede
724 887 825 952 inlato
850 888 979 973 adoriri,
1003 897 1059 953 aut
1086 889 1258 974 prudentia
1288 890 1418 976 effecta,
1453 913 1514 975 qua

287 992 406 1057 iudicio
430 992 601 1058 multorum
623 995 806 1079 pepercerit
829 994 873 1059 ad
896 1015 973 1062 suas
997 1003 1108 1080 partes
1132 996 1207 1063 illos
1231 996 1427 1064 adlecturus.
1466 1000 1513 1062 iu-

287 1101 378 1166 uisus
402 1107 489 1166 certe
514 1102 544 1165 ei
568 1101 629 1166 fuit
651 1101 716 1186 1110,
740 1108 772 1167 01
795 1100 830 1165 id
854 1103 894 1166 ob
917 1102 1040 1167 nullam
1064 1102 1163 1167 aliam
1187 1125 1327 1189 oausam,
1352 1105 1415 1170 nisi
1441 1105 1515 1188 quia

287 1228 405 1290 genere
439 1207 577 1273 diceudo
601 1229 679 1274 usus
713 1215 783 1274 erat
815 1216 1008 1294 corrupto.
1067 1217 1195 1275 constat
1227 1211 1326 1294 igitur
1359 1211 1515 1277 Senecam

287 1335 384 1379 unum
408 1313 509 1381 fuisse
534 1336 574 1380 011
603 1315 816 1401 aduersariis,
850 1323 882 1382 et
911 1316 946 1380 id
978 1316 1074 1382 facile
1108 1318 1246 1382 omnium
1280 1319 1514 1399 grauissimum.

285 1441 344 1488 nos
378 1429 484 1487 autem
514 1421 602 1490 illius
631 1423 752 1507 scripta
785 1422 932 1506 legentes
966 1431 999 1488 et
1031 1424 1234 1490 conferentes
1262 1445 1334 1489 oum
1362 1425 1515 1491 Fabianis

286 1529 513 1615 intellegimus,
532 1529 610 1612 quid
626 1530 753 1596 intersit
769 1530 851 1594 inter
868 1531 1035 1613 utriusque
1051 1531 1272 1616 elocutionem,
1298 1539 1330 1596 et
1345 1532 1423 1615 quid
1437 1532 1515 1597 illud

286 1634 382 1700 fuerit
405 1636 491 1719 quod
514 1637 617 1702 Fabio
646 1636 773 1702 audiret
797 1645 979 1722 corruptum
1009 1658 1124 1722 genus,
1160 1639 1324 1704 sentimus.
1375 1641 1516 1705 oboritur

287 1745 449 1828 quaestio,
473 1752 578 1808 utrum
606 1745 639 1808 in
662 1743 744 1808 libro
774 1745 828 1826 qui
862 1743 959 1809 fuerit
995 1743 1035 1808 de
1064 1745 1173 1810 causis
1206 1752 1315 1809 orator
1347 1746 1381 1809 in
1413 1746 1513 1831 philo·

286 1851 422 1935 sophum
449 1851 595 1917 inuectus
626 1851 669 1917 sit
696 1871 806 1918 necne.
864 1873 904 1916 ex
932 1851 1040 1916 uerbis
1069 1871 1153 1933 quae
1186 1858 1260 1916 0001
1283 1856 1303 1933 ξ
1329 1855 1408 1919 125:
1443 1853 1514 1918 dum

285 1964 469 2042 corruptum
483 2009 490 2022 .
580 1957 709 2023 dicendi
736 1979 838 2041 genus
862 1979 1017 2024 reuocare
1040 1958 1084 2023 ad
1108 1959 1272 2023 seueriore
1297 1958 1418 2025 iudicia
1443 1981 1512 2026 con-

288 2065 395 2149 tendo,
418 2065 499 2129 nihil
522 2065 697 2130 lucramur:
721 2064 893 2130 referenda
917 2066 1002 2130 enim
1026 2071 1100 2131 sunt
1132 2086 1195 2130 non
1229 2065 1273 2130 ad
1295 2066 1425 2151 librum,
1458 2066 1514 2133 sed

286 2173 413 2236 omnino
445 2170 489 2237 ad
512 2171 735 2237 emendandae
764 2173 969 2255 eloquentiae
993 2172 1144 2240 studium.
1183 2194 1249 2238 rem
1275 2181 1381 2238 001001
1404 2195 1510 2259 perse

285 2278 504 2347 consideranti
528 2300 599 2344 cum
623 2278 732 2344 indole
756 2287 788 2344 et
810 2280 953 2345 moribus
983 2281 1121 2346 oratoris
1144 2280 1313 2364 prudentis
1336 2301 1511 2365 parumque

284 2386 419 2452 audacis
452 2407 516 2450 non
550 2387 721 2452 conuenire
754 2387 832 2451 mihi
865 2386 1002 2471 uidetur,
1033 2387 1061 2452 si
1092 2393 1244 2471 putamus
1277 2387 1318 2451 ab
1353 2407 1392 2452 00
1424 2388 1512 2453 111001

283 2501 395 2579 000110
418 2493 647 2579 reprehensum
671 2515 744 2560 esse
768 2495 831 2579 qui,
856 2494 977 2558 iudea
1002 2514 1064 2577 quo
1080 2500 1223 2579 tempore
1247 2493 1343 2559 luerit
1357 2497 1512 2579 magister

282 2603 429 2686 Neronis,
454 2622 577 2666 summa
601 2601 730 2665 floreret
754 2601 960 2685 auctoritate,
991 2608 1023 2666 et
1045 2606 1218 2685 postquam
1247 2607 1382 2666 mortem
1406 2602 1510 2668 fortis·

284 2710 363 2775 sime
401 2709 463 2774 sibi
495 2709 689 2774 consciuerit
720 2709 801 2774 mori
833 2709 941 2792 iussus
974 2729 994 2772 a
1026 2714 1183 2792 tyranno,
1222 2708 1255 2771 in
1286 2707 1509 2793 plerorumque

282 2822 444 2882 teneretur
472 2815 696 2880 admiratione.
742 2815 843 2901 adde,
877 2815 1016 2898 quodsi
1048 2815 1248 2881 nominasset
1289 2815 1510 2881 aduersarium

280 2925 314 2988 10
338 2924 428 3009 111110,
452 2924 513 2989 hoc
537 2924 607 2989 1000
636 2944 699 2988 000
722 2925 886 3009 001010001
910 2923 943 2987 id
967 2942 1031 2987 non
1055 2943 1319 2988 commemorare:
1354 2924 1401 2988 ita
1426 2925 1510 2990 enim

281 3031 389 3097 facere
414 3032 497 3097 solet
520 3030 644 3114 aliquot
672 3052 752 3114 quos
775 3032 874 3116 paulo
899 3037 974 3095 ante
1003 3029 1169 3096 attulimus
1199 3030 1289 3096 locis.
1337 3030 1449 3113 itaque
1473 3050 1509 3096 00

282 3145 405 3204 tantum
428 3138 616 3204 coniciendo
640 3137 793 3224 progredi
807 3138 945 3204 forsitan
959 3137 1065 3221 liceat,
1089 3143 1125 3201 01
1139 3157 1179 3202 ex
1203 3137 1271 3201 irae
1286 3157 1350 3219 qua
1365 3137 1510 3223 increpet

281 3246 371 3311 illum
399 3247 561 3329 grauitate
591 3247 791 3332 suspicemur
819 3247 853 3310 in
880 3246 961 3311 libro
991 3245 1032 3310 de
1065 3245 1173 3309 causis
1197 3243 1328 3309 aculeos
1352 3245 1510 3327 quosdam

282 3359 394 3419 contra
421 3353 512 3418 illum
541 3355 677 3420 emissos
713 3355 786 3419 ess'e
814 3373 878 3417 non
906 3352 1011 3417 minus
1046 3358 1139 3416 cante
1173 3351 1316 3416 occultos
1349 3371 1447 3433 quam
1480 3353 1510 3416 10

280 3461 486 3545 prioribus
509 3461 573 3524 loci
596 3481 617 3524 0
639 3460 732 3525 nobis
756 3459 887 3524 tractati
917 3458 1123 3524 sectionibus.
1177 3479 1241 3541 qua
1274 3479 1346 3523 cum
1377 3479 1412 3524 re
1445 3459 1511 3522 alia

282 3574 372 3632 arcte
396 3568 556 3633 cohaeret.
597 3567 761 3649 quaeritur
785 3565 878 3650 enim,
901 3586 976 3630 num
1000 3565 1127 3630 omnino
1151 3564 1185 3627 in
1207 3564 1263 3629 illo
1286 3565 1368 3630 libro
1396 3565 1510 3630 aduer-

282 3676 386 3740 sarios
409 3674 635 3740 nominatim
653 3673 822 3755 ingressus
838 3672 888 3737 sit.
912 3677 1008 3753 atque
1032 3692 1072 3736 01(
1092 3691 1139 3756 eo,
1164 3671 1250 3753 quod
1270 3671 1427 3737 Senecam
1445 3693 1511 3736 non

283 3802 381 3847 ausus
406 3788 456 3847 est
479 3782 655 3867 appellare,
687 3801 745 3865 per
779 3800 814 3845 se
846 3799 909 3842 non
943 3780 1086 3861 sequitur
1117 3799 1158 3842 ne
1191 3779 1348 3843 minorum
1381 3778 1510 3862 quidem

281 3889 444 3954 bominum
466 3889 596 3953 nomina
620 3889 661 3954 ab
686 3908 723 3953 eo
747 3885 961 3970 ignominiose
985 3892 1097 3950 notata
1122 3906 1204 3951 0000.
1242 3885 1397 3970 deinceps
1415 3886 1510 3951 Fabii

282 4015 352 4062 mos
376 4001 434 4080 est,
458 4001 501 4080 ut,
525 3996 580 4061 ubi
595 3995 732 4060 rhetoris
748 3995 886 4059 alicuius
902 3995 1081 4060 sententiae
1097 4000 1270 4077 oppugnet,
1294 4013 1367 4057 eum
1381 3995 1511 4059 nomine

283 4102 440 4187 appellet:
465 4101 551 4184 quod
574 4101 773 4185 intellegitur
796 4121 836 4166 ex
860 4101 891 4164 ΙΙ
920 4101 1044 4186 10001
1068 4101 1108 4165 dc
1132 4101 1211 4166 artis
1240 4101 1422 4167 rhetoricae
1457 4101 1510 4166 de·

282 4209 427 4274 finitione
459 4208 662 4295 disputat¹⁹l
717 4229 822 4291 neque
851 4209 916 4272 alio
948 4207 1044 4272 modo
1073 4207 1197 4272 Seneca
1227 4214 1321 4293 pater
1354 4209 1509 4272 conuiciis

282 4316 417 4382 incessit
455 4316 601 4382 rhetores
643 4317 698 4400 qui
738 4315 988 4401 reprehensione
1026 4314 1116 4397 digni
1150 4315 1212 4378 sibi
1244 4315 1394 4380 uidentur
1427 4334 1509 4380 0000.

374 4566 409 4635 ¹⁰)
436 4566 572 4622 Similiter
600 4566 758 4621 Cornelium
785 4565 894 4620 Celsum
922 4564 1046 4634 increpat
1074 4564 1083 4616 l
1108 4563 1126 4616 d
1154 4564 1197 4617 22.
1231 4563 1265 4617 32
1297 4565 1325 4616 et
1350 4563 1391 4615 Ill
1424 4564 1449 4629 5,
1483 4564 1508 4617 3.

284 4660 307 4725 7,
326 4659 368 4712 25.
405 4659 444 4711 IX
464 4659 487 4724 1,
508 4657 549 4710 18.
569 4657 594 4722 4,
616 4657 675 4710 132.
712 4656 765 4708 XII
787 4657 829 4720 ll,
850 4655 883 4708 24
903 4653 1044 4720 (mediocri
1063 4653 1107 4705 011
1125 4652 1258 4721 ingenio).
