3250 5016
856 307 899 380 10

260 517 295 576 ut
319 503 532 576 Sotadeorum
556 515 589 574 et
612 508 866 575 Galliamborum
890 515 922 574 et
945 507 1146 591 quorundam
1169 506 1202 573 in
1224 505 1369 574 oratione
1389 503 1484 574 simili

260 637 365 702 paene
389 616 521 682 licentia
543 615 790 683 lasciuientium.
808 653 843 663 -
863 616 966 681 lirsius
990 613 1031 680 dc
1055 636 1096 682 ea
1118 635 1153 680 re
1177 614 1323 701 disputat
1341 615 1484 682 ciusdem

261 723 379 808 capitis
404 728 445 806 ἐξ
471 726 534 789 142
559 744 596 806 sq
620 723 681 788 ita:
705 724 738 788 in
763 722 947 788 uniuersum
971 729 1088 806 autem,
1113 721 1140 788 si
1157 721 1199 788 sit
1214 742 1358 806 necesse,
1374 721 1485 786 duram

259 831 368 916 potius
394 837 491 913 atque
523 849 673 914 asperam
697 829 962 914 compositionem
985 827 1095 896 malim
1119 849 1192 895 esse
1216 848 1313 911 quam
1337 827 1485 894 effemi-

261 945 388 1002 natam
405 943 443 1002 et
458 955 646 1020 eneruem,
661 936 767 1020 qualis
782 936 870 1021 apud
884 937 1002 1002 multos
1018 943 1049 1001 et
1064 935 1182 1001 cotidie
1196 937 1302 1018 magis
1318 935 1485 1002 lasciuis

261 1051 512 1130 syntonorum
534 1042 657 1109 modis
681 1043 789 1108 saltat.
826 1063 866 1108 ao
884 1063 925 1109 nc
948 1051 1013 1108 tam
1028 1043 1113 1107 bona
1128 1041 1258 1126 quidem
1273 1042 1341 1107 ulla
1356 1042 1429 1126 erit,
1452 1047 1486 1104 ut

260 1152 380 1218 debeat
403 1169 476 1216 esse
509 1150 661 1215 continua
689 1157 722 1215 et
744 1149 778 1214 in
802 1149 933 1215 cosdem
962 1169 1089 1234 sempor
1116 1148 1219 1234 pedes
1247 1149 1302 1215 ire.
1353 1169 1427 1214 nam
1455 1157 1486 1212 et

261 1256 468 1324 sensificandi
493 1277 595 1340 genus
620 1265 789 1324 estunam
813 1256 919 1340 legem
948 1257 1094 1344 omnibus
1126 1256 1325 1322 sermonibus
1350 1255 1429 1320 darc
1456 1262 1487 1318 ct

260 1364 295 1430 id
323 1385 394 1430 cum
426 1362 619 1429 manifestae
648 1361 877 1429 adfectationis
906 1369 977 1428 est.
997 1421 999 1426 .
1017 1413 1046 1427 ..
1076 1369 1239 1429 tum..
1276 1362 1419 1426 taedium
1448 1381 1486 1426 ex

264 1470 473 1538 similitudine
496 1491 536 1536 ao
560 1471 743 1536 satietatem
769 1477 857 1534 creat
880 1490 1009 1554 quoquc
1033 1476 1083 1536 est
1101 1469 1237 1554 dulcius,
1260 1469 1366 1552 magis
1381 1468 1487 1554 perdit

263 1578 446 1662 amittitque
484 1585 517 1643 et
553 1577 650 1642 fidem
687 1584 719 1642 et
756 1577 904 1643 adfectus
941 1584 1110 1660 motusque
1149 1575 1252 1642 omnis
1290 1576 1345 1659 qui
1379 1584 1429 1642 cst
1455 1576 1487 1639 in

264 1686 326 1750 hac
343 1705 420 1750 cura
444 1684 681 1771 deprensus.¹³)
697 1721 740 1730 —-
756 1684 788 1747 hi
812 1683 875 1748 loci
898 1704 962 1748 non
986 1683 1080 1750 aliter
1103 1683 1281 1768 comparati
1296 1691 1370 1748 sunt
1393 1704 1486 1766 quam

264 1793 292 1858 is
317 1812 380 1876 quo
410 1791 519 1875 agitur
549 1790 590 1856 dc
617 1791 729 1874 figuris
757 1792 934 1856 uerborum.
985 1791 1153 1875 impugnat
1181 1790 1303 1856 Fabius
1331 1791 1488 1873 quosdam

262 1899 422 1984 rhetores,
446 1905 479 1963 et
501 1897 536 1962 id
564 1897 693 1982 quidem
722 1905 797 1963 tuno
825 1898 979 1983 temporis
1012 1897 1100 1983 apud
1127 1899 1300 1982 plerosque
1327 1905 1487 1983 acceptos.

262 2026 395 2091 quorum
410 2026 481 2071 cum
495 2006 657 2090 uituperet
668 2004 905 2071 immodestiam
916 2012 948 2070 et
963 2004 1221 2088 adfectationem,
1235 2005 1267 2071 in
1284 2013 1486 2090 corruptos

260 2112 430 2178 inuehitur.

352 2236 500 2302 Omnium
515 2257 598 2321 quac
608 2238 642 2302 in
652 2236 779 2302 illorum
794 2236 975 2301 elocutione
985 2235 1252 2321 reprehendenda
1263 2236 1325 2301 sibi
1339 2235 1488 2302 uidentur

265 2365 432 2411 censuram
457 2343 535 2409 facit
558 2365 623 2427 qna
640 2343 769 2426 singula
793 2364 864 2408 cum
881 2343 1019 2426 singulis
1034 2363 1117 2426 quae
1132 2343 1275 2426 alioquin
1291 2343 1355 2408 sint
1369 2344 1488 2408 monita

264 2460 436 2537 componat
459 2452 523 2516 XII
549 2455 598 2536 10,
629 2454 684 2517 73:
709 2451 764 2517 ubi
788 2452 888 2516 uerba
908 2451 990 2516 haec
1013 2458 1103 2516 sunt:
1127 2451 1303 2516 falluntur.
1319 2501 1370 2516 ...
1393 2449 1488 2536 pluri-

266 2580 351 2623 mum
374 2559 428 2642 qui
452 2559 605 2624 uitiosum
629 2566 661 2623 et
684 2566 866 2643 corruptum
890 2558 1020 2623 dicendi
1044 2578 1146 2640 genus
1171 2557 1256 2640 quod
1280 2565 1336 2622 aut
1359 2558 1488 2640 uerbum

272 2665 403 2731 licentia
427 2666 568 2730 exsultat
589 2673 645 2728 aut
659 2664 836 2750 puerilibus
860 2664 1063 2730 sententiolis
1082 2665 1211 2730 lasciuit
1233 2663 1282 2750 (of
1300 2664 1377 2729 VIII
1392 2666 1421 2749 5,
1442 2667 1489 2746 14,

270 2771 412 2858 19-25)
436 2778 493 2837 aut
515 2771 684 2836 immodico
709 2779 832 2837 tumore
856 2772 1013 2854 turgescit
1036 2771 1085 2857 (cf
1104 2771 1180 2834 VIII
1204 2775 1233 2856 6,
1259 2774 1309 2837 16.
1345 2771 1375 2833 11
1399 2775 1428 2856 3,
1455 2772 1487 2852 9)

264 2887 320 2944 aut
352 2880 502 2945 inanibus
535 2879 615 2944 locis
647 2879 824 2944 bacchatur
857 2877 906 2964 (cf
934 2877 1011 2943 VllI
1044 2882 1077 2962 3,
1106 2876 1163 2964 56)
1197 2885 1254 2942 aut
1285 2878 1424 2963 casuris,
1462 2877 1487 2942 si

263 2985 379 3051 leuiter
402 2987 620 3070 excutiantur,
652 2986 796 3051 flosculis
819 2985 900 3050 nitet
928 2984 1018 3071 (VIII
1042 2988 1071 3070 3,
1095 2989 1124 3070 6,
1151 2989 1200 3070 11,
1226 2984 1281 3072 16)
1310 2993 1367 3050 aut
1398 3005 1488 3071 prac-

264 3094 376 3178 cipitia
403 3113 461 3179 pro
491 3093 680 3160 sublimibus
710 3092 808 3158 habet
832 3091 924 3178 (VIII
953 3097 982 3176 6,
1009 3096 1066 3172 16)
1098 3100 1155 3156 aut
1188 3093 1297 3178 specie
1330 3093 1488 3158 libertatis
1595 3089 1597 3094 ’

262 3201 391 3285 insanit,
415 3202 520 3283 magis
545 3200 730 3265 existimant
752 3198 910 3284 populare
934 3207 1032 3281 atque
1056 3199 1239 3283 plausibile.

769 3397 982 3406 —u———-———

353 3522 390 3586 In
415 3526 622 3606 conspectum
645 3519 761 3584 uocaui
786 3539 896 3584 omnes
910 3519 1125 3585 Institutionis
1149 3520 1237 3584 locos
1261 3519 1377 3603 quibus
1392 3520 1487 3598 Quin-

265 3628 398 3693 tilianus
433 3634 652 3712 corruptorum
684 3627 717 3690 in
750 3626 929 3709 eloquendo
968 3627 1049 3690 uitia
1081 3628 1192 3712 carpit.
1247 3634 1346 3710 atque
1379 3649 1419 3693 cx
1451 3648 1486 3692 eo

265 3735 394 3819 quidem
419 3733 504 3818 quod
528 3734 586 3797 illa
609 3733 818 3818 reprehendit
841 3732 947 3799 clucet
969 3735 1114 3819 potuisse
1138 3734 1258 3800 similes
1283 3755 1392 3799 earum
1408 3755 1487 3819 quas

266 3841 451 3907 enumeraui
474 3840 747 3925 uituperationum
770 3841 804 3904 in
831 3839 912 3906 libro
942 3839 983 3905 de
1011 3841 1119 3905 causis
1152 3841 1333 3925 conscripto
1366 3843 1486 3908 inesse:

265 3946 400 4014 infuisse
423 3968 486 4011 non
509 3948 594 4012 item.
627 3953 662 4010 at
684 3947 854 4012 redeamus
885 3946 929 4011 ad
949 3948 1067 4032 locum,
1091 3947 1176 4012 unde
1207 3968 1315 4013 sumus
1343 3950 1486 4033 profecti,

265 4053 356 4140 (VIII
379 4058 409 4139 3,
433 4054 489 4141 58)
523 4062 555 4119 et
581 4054 792 4139 inspiciamus
816 4055 917 4119 uerba
939 4055 1037 4120 haec:
1067 4055 1202 4120 totidem
1226 4056 1397 4138 generibus
1422 4076 1485 4120 cor-

339 4230 375 4299 ²³)
395 4232 464 4286 Cum
481 4233 532 4286 hoo
550 4232 608 4287 loco
627 4233 696 4286 mire
710 4233 867 4302 conspirant
886 4233 1023 4287 Tacitei
1041 4233 1182 4302 Dialogi
1201 4234 1285 4287 uerba
1303 4233 1371 4287 haec
1390 4235 1416 4302 (c
1430 4236 1485 4298 26);

266 4323 364 4376 melius
383 4326 424 4377 est
443 4326 579 4377 oratorem
597 4323 643 4377 uel
661 4323 737 4377 hirta
755 4327 822 4393 toga
839 4323 952 4378 induere
966 4342 1050 4392 quam
1068 4324 1169 4378 fucatis
1188 4326 1216 4378 et
1229 4323 1391 4378 meretriciis
1407 4324 1486 4379 uesti-

264 4412 315 4465 bus
333 4411 474 4480 insignire.
515 4412 698 4479 nequeenim
724 4413 859 4466 oratorius
882 4413 943 4478 iste,
966 4413 1051 4466 immo
1074 4413 1184 4467 hercule
1206 4429 1241 4466 ne
1263 4412 1354 4466 uirilis
1377 4415 1486 4482 quidem

264 4501 355 4555 cultus
373 4503 422 4566 esi,
442 4518 496 4568 quo
514 4501 638 4569 plerique
657 4505 810 4570 temporum
825 4505 979 4555 nostrorum
992 4505 1112 4556 oratores
1126 4501 1168 4555 ita
1182 4505 1307 4568 utuntur,
1326 4506 1359 4557 ut
1373 4503 1488 4559 lasciuia

264 4591 409 4644 uerborum
432 4594 460 4644 et
483 4591 599 4645 leuitate
627 4591 827 4645 sententiarum
851 4591 889 4657 (cf
905 4591 963 4644 Inst
987 4591 1054 4643 VIII
1073 4595 1097 4656 5,
1117 4591 1144 4658 2)
1168 4594 1196 4644 et
1219 4591 1334 4646 licentia
1357 4594 1485 4662 composi-

262 4680 345 4734 tionis
363 4679 539 4734 histrionales
557 4680 651 4734 modos
670 4680 834 4749 exprimant.
