3250 5016
759 341 779 405 9

661 431 873 442 ...-,.-.-..-.

155 531 278 620 (Berlin
305 532 403 622 ,1865)
426 557 448 619 p
472 536 543 618 109,
567 535 621 600 ubi
645 535 686 600 16
709 535 855 601 thesibus
880 555 964 618 quae
987 556 1059 601 cum
1081 535 1163 602 locis
1188 536 1380 618 cognatione

155 640 347 706 coniunctae
372 648 454 723 sunt,
479 660 585 726 pauca
608 640 739 726 profert.

245 746 279 833 3)
311 747 408 814 Liber
441 755 576 814 octauus
609 755 694 814 16166
728 754 778 814 661
811 748 855 814 16
889 748 1122 832 elocutione,
1161 749 1251 813 cuius
1284 768 1380 812 unam

155 854 305 919 uirtutem
338 874 411 920 esse
448 863 559 921 censet
590 853 817 938 Quintilianus,
855 855 941 938 6661
978 855 1185 940 661661666
1223 860 1305 938 (666.
1336 852 1379 940 2),

155 962 299 1045 61161616,
324 961 410 1044 6661
434 970 571 1027 ornata
600 961 642 1026 sit
670 961 754 1048 (666.
779 966 820 1039 3).
868 969 1000 1028 ornatus
1029 968 1156 1028 6666161
1184 968 1215 1026 61
1243 961 1381 1044 singulis

145 1068 263 1137 ,uerbis
288 1067 331 1153 (3,
358 1066 412 1154 15)
438 1076 469 1134 61
493 1089 639 1134 sermone
663 1070 831 1135 coniuncto
856 1067 900 1156 (3,
917 1053 984 1157 40).
1041 1070 1082 1134 16
1115 1090 1178 1152 666
1208 1076 1380 1152 6111666661

156 1173 304 1242 suadet
329 1183 519 1260 praecepta,
553 1175 766 1261 demonstrat,
799 1198 882 1260 quae
911 1178 944 1241 in
974 1197 1011 1242 66
1036 1177 1171 1242 uitanda
1200 1177 1263 1242 sint
1291 1177 1379 1242 61116.
1453 1201 1455 1204 ·

156 1303 195 1348 ex
219 1282 269 1348 his
293 1303 390 1348 unum
414 1292 464 1349 est
486 1287 663 1371 κακόζηλον,
697 1283 737 1348 16
771 1305 832 1367 666
861 1285 930 1368 agit
957 1285 1174 1370 paragraphis
1202 1305 1299 1350 61116
1328 1305 1379 1350 ex·
1453 1321 1455 1326 .

154 1388 300 1475 scriptis:
334 1389 421 1473 6661
449 1390 586 1475 quidem,
618 1399 654 1456 61
681 1391 725 1457 ibi
754 1393 807 1477 ait,
842 1392 981 1456 omnium
1010 1398 1060 1459 est
1087 1393 1272 1476 pessimum,
1305 1391 1381 1473 quia

155 1502 264 1562 cetera
296 1497 377 1563 uitia
408 1518 521 1582 parum
554 1499 704 1583 uitentur,
737 1498 799 1564 hoc
830 1500 913 1564 ultro
945 1501 1073 1586 petitur.
1120 1499 1161 1564 de
1193 1499 1254 1564 hoc
1283 1498 1381 1581 igitur

154 1603 234 1669 uitio
262 1605 296 1670 in
323 1605 405 1670 libro
434 1605 475 1671 16
504 1607 611 1672 666616
640 1606 768 1691 6166166
793 1627 827 1672 66
852 1606 1042 1690 exposuisse
1070 1606 1157 1672 dicit.
1203 1605 1288 1671 unde
1313 1604 1380 1670 effi-

154 1711 237 1776 citur
268 1711 313 1776 ibi
343 1718 492 1776 naturam
524 1715 696 1799 κακοζήλου
727 1714 768 1778 ab
801 1734 839 1778 eo
873 1734 946 1780 6666
975 1713 1182 1797 explicatam:
1219 1713 1253 1777 in
1285 1733 1380 1796 quam

154 1817 414 1901 cognoscendam
437 1819 534 1903 paulo
558 1828 634 1905 post
648 1821 789 1885 animum
807 1827 1040 1887 concertamus.
1074 1821 1199 1886 interim
1213 1827 1380 1885 teneamus

155 1924 188 1989 in
212 1925 436 1991 elocutione
460 1927 548 1992 illins
571 1927 641 1991 uitii
666 1926 776 1993 sedem
800 1947 881 1993 6666.

243 2030 279 2118 4)
311 2031 389 2097 VIlI
417 2051 441 2097 c.
467 2036 486 2098 6
521 2034 580 2099 sub
607 2033 703 2099 finem
732 2033 950 2111 Quintilianus
983 2033 1222 2119 hyperbolen
1255 2038 1380 2098 tractat.

154 2146 270 2223 monet,
303 2159 344 2204 ne
377 2139 458 2204 haec
485 2138 590 2224 ligura
623 2161 720 2226 supra
749 2141 868 2208 iustum
896 2141 1026 2207 modum
1054 2142 1199 2207 tollatur:
1237 2140 1381 2204 6616116

153 2246 292 2310 maxime
316 2247 459 2312 aberrari
482 2247 516 2312 in
538 2251 728 2335 κακοζηλὶαν.
766 2248 952 2314 6166161166
967 2249 1008 2315 16
1028 2247 1205 2333 hyperbole
1220 2267 1380 2332 exponere

153 2375 217 2419 non
240 2353 274 2417 in
298 2353 404 2418 animo
429 2362 488 2439 est,
516 2354 592 2437 quia
619 2355 684 2419 iam
713 2356 817 2422 lhsius
841 2355 1026 2440 exposuerit
1050 2354 1091 2420 de
1115 2375 1154 2420 66
1177 2355 1211 2419 16
1234 2355 1315 2419 libro
1340 2353 1380 2418 (16

154 2481 216 2544 666
251 2462 443 2544 6666116166.
499 2461 539 2527 16
576 2460 752 2546 hyperbole
789 2462 888 2546 igitur
927 2482 1030 2528 sermo
1064 2461 1124 2526 fuit
1155 2463 1189 2526 in
1219 2461 1285 2527 illo.
1341 2481 1380 2526 ex

153 2567 314 2634 mentione
348 2576 456 2634 autem
488 2568 672 2636 cacozeliae
708 2569 861 2653 colligere
898 2569 974 2635 licet
1010 2570 1257 2656 expositionem,
1297 2587 1381 2651 quae

154 2675 251 2740 fuerit
279 2674 320 2740 16
353 2675 457 2758 figura
494 2696 565 2740 cum
594 2696 633 2740 ea
661 2696 744 2758 quae
772 2676 868 2741 fuerit
896 2676 936 2741 16
963 2679 1124 2764 aurciole
1157 2675 1253 2742 simili
1284 2674 1380 2740 modo

154 2780 343 2847 cohaesisse
366 2781 400 2845 in
422 2781 478 2846 illo
502 2782 583 2847 libro
608 2803 647 2847 ac
670 2790 780 2848 nostro
801 2784 888 2848 loco:
913 2783 954 2848 de
978 2804 1042 2866 666
1065 2803 1100 2848 16
1123 2783 1200 2848 11616
1222 2790 1297 2867 6661
1320 2783 1381 2847 6111

153 2887 338 2954 6116616111.
1393 2889 1395 2892 ’

240 2995 291 3059 Ex
314 2995 395 3062 locis
419 3017 500 3080 quos
523 2997 644 3063 Fabius
669 3017 687 3062 6
710 2997 832 3062 1616616
857 3017 952 3081 66616
977 2996 1165 3081 1666166166
1188 2995 1324 3063 16661611
1346 2995 1380 3060 16

153 3103 258 3168 166166
283 3110 420 3188 6666161
443 3104 476 3168 in
499 3103 554 3168 illo
578 3103 660 3169 haec
683 3103 832 3170 infuisse:

246 3209 277 3294 1)
303 3210 461 3296 06116616
485 3211 669 3294 eloquentia
691 3218 807 3298 peccat
823 3232 861 3277 eo
885 3210 970 3294 quod
992 3232 1054 3277 res
1078 3231 1142 3275 non
1166 3210 1247 3276 satis
1270 3210 1380 3293 magni

154 3317 314 3384 6661111161.

242 3423 277 3510 2)
315 3424 543 3510 Corruptcrum
579 3426 717 3491 elocutio
756 3425 948 3508 grauissimo
986 3425 1113 3490 laborat
1154 3425 1233 3490 61116
1270 3446 1379 3489 κακο-

152 3534 268 3618 ζήλου.

242 3636 277 3724 3)
307 3638 485 3723 Corruptae
514 3638 718 3721 eloquentiae
747 3659 866 3704 causa
893 3638 926 3702 in
950 3658 987 3702 eo
1013 3638 1172 3702 collocata
1202 3645 1264 3722 est,
1293 3640 1379 3722 quod

154 3746 250 3811 artis
279 3747 476 3811 oratoriae
504 3746 680 3828 magistri
710 3745 931 3830 discipulos
959 3767 1022 3811 non
1051 3745 1095 3810 61
1118 3744 1292 3829 16666166,
1320 3744 1379 3810 661

153 3851 200 3916 61
224 3852 482 3919 delectandos
505 3852 656 3919 iudices
679 3861 886 3938 6166661661.

240 3961 312 4025 Η66
340 3960 482 4044 6666111,
505 3960 540 4025 11
568 3960 654 4044 6661
677 3953 787 4045 pusilli
810 3960 962 4026 momenti
986 3967 1044 4043 661,
1077 3958 1162 4042 6661
1190 3958 1309 4022 mentio
1343 3958 1378 4022 fit

152 4065 309 4132 Demetrii
333 4067 482 4133 Phalerei
505 4068 538 4158 in
562 4067 713 4151 origine
737 4067 1035 4134 declamationis
1059 4063 1261 4150 explicanda.
1315 4120 1317 4123 .

240 4174 350 4238 Pauca
378 4175 471 4240 nobis
500 4182 671 4259 supersunt
702 4194 741 4238 ex
773 4175 854 4239 libro
884 4194 978 4256 quem
1007 4172 1136 4257 scripsit
1159 4170 1377 4248 Quintilianus

153 4278 198 4344 de
222 4282 354 4347 causis
379 4289 587 4366 corruptae
611 4281 867 4364 eloquentiae.
906 4287 1002 4365 atque
1026 4299 1097 4344 cum
1120 4286 1249 4363 praeter
1271 4279 1377 4363 ipsum

154 4407 244 4451 nemo
275 4388 360 4452 hunc
392 4388 506 4452 librum
540 4389 836 4454 commemorauerit
868 4387 1083 4454 institutionis
1117 4385 1220 4468 gloria
1247 4386 1377 4470 penitus

154 4493 371 4579 obscuratum,
399 4495 486 4559 nullo
510 4494 605 4561 modo
629 4495 699 4560 fieri
722 4501 830 4579 potest
853 4501 888 4560 61
912 4494 953 4560 16
977 4495 1047 4559 6166
1071 4499 1260 4576 argumento
1283 4493 1377 4577 plura

154 4599 291 4666 sciamus
312 4623 408 4690 quam
429 4622 468 4667 ea
483 4623 567 4691 quae
582 4608 737 4690 congesta
753 4601 964 4687 explicabant.
998 4599 1056 4671 sed
1074 4599 1133 4664 illa
1148 4619 1231 4688 quae
1246 4600 1376 4671 tulerint
