3250 5016
871 361 916 430 54

281 557 419 628 scripserit
447 557 655 614 institutionem
673 577 783 630 quaque
807 564 962 630 opponatur
985 561 1036 618 hoc
1057 560 1101 617 illi
1126 579 1181 632 quo
1204 561 1307 616 librum
1325 561 1417 632 coepit
1440 579 1507 618 oom-

280 665 381 718 ponere
404 647 437 705 de
456 646 554 704 causa.
591 651 675 718 atque
693 649 762 706 haec
780 649 940 708 terminatio
958 668 1014 706 non
1032 651 1131 707 melius
1153 652 1212 708 lieri
1229 653 1324 722 potuit
1346 671 1432 723 quam
1449 671 1508 724 par·

280 738 368 794 ticula
394 756 489 794 nunc.
511 741 644 794 -tuno
671 739 744 808 quod
771 740 901 812 proponit
928 739 1076 812 legendum
1100 742 1336 814 Spaldingius‚
1363 744 1509 815 respiceret

281 829 383 884 librum
402 828 551 894 decausis,
579 846 662 898 quem
686 847 740 885 non
764 846 822 886 esse
844 831 1063 903 intellegendum
1086 832 1315 890 demonstrabam.
1336 863 1368 875 ——
1389 852 1508 900 uonna,

282 920 355 990 quod
378 919 511 991 scriptum
534 919 618 974 fuisse
645 920 763 976 coniecit
791 921 957 987 Halmius,
985 939 1034 994 per
1061 939 1090 978 se
1117 922 1222 992 optime
1244 923 1364 992 quadret
1387 925 1423 980 ad
1445 943 1509 981 rem.

281 1011 328 1067 sed
351 1010 510 1066 edomatius
533 1009 673 1066 sententia
691 1010 858 1077 Quintiliani
880 1011 958 1068 reddi
981 1012 1092 1068 uidetur
1114 1013 1176 1084 ipsa
1197 1014 1329 1083 temporis
1352 1013 1510 1070 definitione

282 1117 353 1170 quae
371 1100 444 1156 inest
462 1100 492 1155 in
510 1119 599 1156 nunc
617 1099 768 1172 particula:
793 1119 864 1172 quae
887 1102 1000 1172 quidem
1024 1103 1181 1158 coniectura
1198 1120 1230 1158 eo
1248 1120 1359 1173 quoque
1376 1123 1510 1161 commen-

282 1191 365 1246 datur
388 1189 462 1260 quod
484 1193 527 1245 est
548 1189 692 1246 facillima.
729 1192 914 1248 coniecturam
937 1210 999 1248 cam
1023 1193 1092 1258 dico,
1115 1193 1168 1248 elai
1190 1192 1348 1248 inuenimus
1371 1193 1403 1248 in
1422 1195 1511 1250 codice

282 1281 307 1336 S.
345 1298 411 1335 uam
433 1296 497 1335 cum
519 1279 543 1334 is
565 1279 603 1335 sit
626 1281 728 1336 saeculi
747 1281 806 1347 XV,
830 1281 860 1336 in
884 1299 915 1337 eo
934 1299 1043 1353 quoque
1070 1283 1104 1337 de
1128 1282 1285 1340 coniectura
1304 1284 1438 1355 scriptum
1456 1302 1512 1340 esse

281 1388 369 1425 nunc
395 1369 561 1440 putauerim.
607 1369 652 1436 (de
678 1370 778 1426 codicis
805 1370 823 1427 S
849 1371 902 1426 fide
929 1371 959 1428 cf
982 1372 1112 1427 Halmii
1144 1371 1274 1428 editionis
1301 1375 1511 1444 praefationem,

282 1459 385 1532 pvm
403 1457 454 1528 sol·

372 1549 462 1604 Multo
489 1549 616 1619 gramore
644 1551 800 1622 corruptela
826 1551 954 1606 laborant
977 1551 1092 1619 §¹13¹le
1115 1553 1201 1608 uerba
1224 1570 1296 1622 quae
1319 1553 1349 1608 in
1372 1553 1451 1608 libris
1473 1555 1513 1609 sic

282 1639 386 1710 scripta
403 1640 547 1710 leguntur:
583 1641 660 1694 tene
683 1640 855 1695 consulari
878 1657 986 1711 nuper
1009 1641 1192 1711 adoptione
1215 1642 1257 1697 ad
1275 1643 1423 1699 omnium
1441 1662 1513 1715 spes

282 1730 444 1785 honorum
466 1729 560 1798 prius
583 1729 764 1795 admotum,
792 1733 826 1785 te
849 1732 1016 1787 auunculo
1043 1731 1194 1802 praetori
1221 1749 1380 1802 generum
1409 1733 1513 1789 desti-

282 1824 412 1886 natum,

533 1909 607 1962 spes
625 1891 737 1948 acutis
757 1891 842 1948 ΑΕΒ

532 1999 589 2053 spe
608 1985 728 2038 acutae
746 1983 775 2038 M

283 2091 403 2142 parens
430 2076 564 2129 tantum
592 2090 715 2142 poenas
748 2073 814 2126 etsi
841 2089 905 2126 non
933 2071 1054 2142 cupido
1085 2073 1183 2138 lucis,
1216 2076 1307 2129 certe
1338 2075 1514 2144 patientia

284 2163 438 2220 uindicet
456 2166 489 2220 te
507 2163 642 2232 reliqua
660 2163 709 2233 Mg
724 2185 755 2208 =
769 2165 802 2217 te
824 2162 1014 2231 realiquam
1032 2163 1056 2216 Δ
1074 2183 1104 2208 -·
1120 2161 1203 2217 tm
1222 2162 1317 2232 liqna
1336 2164 1425 2230 (eraso
1444 2166 1514 2236 siglo

238 2297 240 2300 .
284 2272 364 2324 super
382 2253 410 2322 a)
429 2255 453 2310 G
474 2255 486 2308 l
507 2273 544 2319 m,
564 2253 612 2321 qui
630 2253 660 2307 in
678 2271 774 2308 rasura
792 2252 903 2307 uidetur
920 2252 1048 2308 habuisse
1067 2270 1082 2307 e
1100 2271 1156 2308 rea
1174 2253 1216 2319 (=
1237 2255 1327 2308 terre
1345 2255 1513 2324 aliquas).

373 2345 456 2400 Patet
476 2345 546 2398 haec
568 2343 679 2398 omnino
702 2341 830 2412 intellegi
857 2359 912 2397 non
936 2359 1021 2411 posse,
1049 2343 1153 2413 quippe
1180 2360 1252 2411 quae
1274 2361 1309 2398 ne
1338 2345 1515 2401 construendi

284 2434 397 2503 quidem
415 2432 554 2490 enuntiati
572 2433 723 2501 praebeant
740 2431 913 2487 facultatem.
951 2434 1036 2499 atque
1054 2435 1086 2487 ut
1105 2449 1139 2487 ex
1155 2433 1209 2488 fine
1223 2432 1276 2488 loci
1295 2431 1411 2487 initium
1429 2433 1514 2490 facia·

284 2542 345 2578 mus
369 2522 521 2579 conaminis
549 2521 742 2577 emendatorii:
771 2524 887 2591 apparet
911 2520 942 2575 in
965 2521 1093 2576 extremis
1120 2521 1228 2590 aliquid
1252 2521 1307 2578 dici
1330 2522 1408 2577 cuius
1432 2543 1517 2581 causa

285 2613 427 2669 mferatnr
441 2613 479 2667 eis
494 2629 565 2681 quae
578 2612 789 2680 subsequantur.
814 2628 885 2678 quae
899 2613 976 2666 sunt:
995 2627 1070 2664 narn
1088 2609 1220 2665 frustra
1238 2611 1325 2667 mala
1343 2613 1459 2670 omnia
1479 2614 1518 2670 ad

852 1888 1098 2050 {eloquentiae
1111 1946 1328 2003 candidatum
1342 1952 1513 2019 superstes

283 1954 317 2005 te
336 1887 514 2050 omnium}

285 2703 410 2758 crimen
424 2704 582 2758 fortunae
596 2701 794 2771 relegamus.
822 2716 916 2754 nemo
929 2699 996 2754 uisi
1010 2717 1070 2754 sua
1084 2700 1184 2770 culpa
1197 2699 1254 2755 diu
1269 2700 1369 2756 dolet.
1393 2703 1448 2758 hoc
1463 2708 1516 2760 est:

285 2793 384 2861 siquis
403 2811 466 2848 cnm
484 2809 533 2847 suo
552 2790 722 2846 incommodo
740 2789 789 2844 diu
807 2789 894 2844 dolori
913 2807 941 2844 se
955 2788 1040 2852 dedit,
1059 2788 1089 2842 id
1103 2789 1164 2855 sibi,
1183 2807 1239 2844 non
1251 2790 1390 2846 Ilortunae
1404 2791 1517 2848 crimini

285 2882 350 2937 dare
373 2882 461 2937 debet.
500 2881 535 2935 ad
557 2881 691 2949 quidnam
714 2880 767 2935 hac
790 2877 1007 2935 consideratione
1029 2879 1111 2934 homo
1133 2879 1242 2949 sapiens
1265 2880 1438 2950 impellitur?
1481 2884 1517 2938 ad

228 2963 231 2970 ’
286 2971 460 3042 patientiam,
480 2969 534 3024 nisi
552 2970 641 3024 fallor.
679 2972 708 3024 et
730 2968 884 3040 patientiae
906 2967 984 3023 notio
1002 2968 1075 3024 inest
1098 2969 1128 3023 in
1147 2969 1238 3024 uerbis
1260 2969 1401 3040 proximis,
1425 2973 1517 3028 etita

286 3061 406 3130 quidem,
431 3063 462 3114 ut
481 3059 662 3130 principalem
680 3061 777 3114 teneat
794 3059 892 3114 locum.
930 3057 1002 3112 unde
1021 3058 1089 3126 qnid
1108 3061 1150 3112 est
1173 3059 1378 3129 colligendum?
1415 3077 1517 3131 nempe

286 3150 463 3205 enuntiatum
488 3148 664 3204 antecessisse
687 3166 741 3216 quo
765 3148 817 3202 illa
839 3147 1054 3214 continerentur,
1082 3147 1112 3202 id
1134 3150 1177 3204 est
1199 3165 1254 3216 quo
1272 3147 1464 3214 Quintilianus
1489 3169 1517 3206 se

199 3271 203 3282 ·
287 3241 415 3294 auocaret
433 3238 469 3292 ad
486 3237 654 3306 patientiam
673 3255 755 3304 seque
773 3240 906 3300 moneret,
930 3239 963 3292 ut
980 3235 1089 3292 fortiter
1113 3237 1198 3292 ferret
1222 3239 1345 3292 aetatem
1368 3237 1516 3307 reliquam.

285 3329 337 3382 hoc
345 3327 490 3398 poscimus,
504 3325 588 3395 idque
601 3325 771 3380 indicabitur
783 3325 882 3390 uerbis,
898 3325 922 3379 si
935 3326 1105 3381 conformato
1118 3325 1182 3380 inde
1197 3325 1246 3380 asi
1256 3326 1402 3380 enuntiato
1416 3327 1517 3396 legeri-

285 3434 358 3472 mus:
387 3415 414 3470 si
436 3433 501 3470 non
525 3414 645 3484 cupido
668 3415 765 3480 lucis,
789 3417 882 3469 certe
904 3414 1078 3482 patientia
1101 3414 1255 3470 uindicet
1273 3419 1410 3477 <me>
1434 3418 1517 3472 reli-

286 3509 454 3575 qua<e>
467 3508 643 3566 mea<e>
657 3503 848 3566 aetat<i>
862 3504 873 3556 i
886 3519 901 3558 e
915 3520 971 3557 non
984 3520 1047 3558 amo
1061 3503 1188 3572 equidem
1202 3503 1299 3570 uitam,
1314 3504 1362 3558 sed
1374 3505 1519 3574 patientia

285 3595 394 3662 efficiet,
422 3597 455 3650 ut
477 3594 565 3662 aetati
590 3611 661 3663 quae
683 3592 719 3647 sit
741 3590 850 3660 reliqua
869 3591 932 3646 iura
958 3609 1030 3660 quae
1051 3592 1154 3647 habeat
1176 3593 1206 3647 in
1229 3611 1273 3649 me
1302 3593 1459 3650 concedam.
1485 3627 1518 3635 -

286 3683 510 3755 Spaldingius
528 3683 665 3753 explicare
684 3681 777 3737 studet
794 3682 879 3762 uerba
899 3681 994 3750 qualia
1012 3681 1152 3751 leguntur.
1180 3683 1226 3737 sed
1245 3683 1357 3738 uidetur
1374 3700 1429 3738 non
1443 3689 1521 3740 recte

285 3764 416 3829 statuisse
439 3773 473 3828 de
496 3772 603 3828 ratione
626 3788 698 3840 quae
720 3771 868 3827 intercedit
891 3771 964 3826 inter
981 3769 1159 3826 enuntiatum
1178 3772 1287 3828 causale
1305 3774 1334 3826 et
1352 3771 1380 3824 id
1399 3789 1456 3840 quo
1476 3792 1520 3830 res

286 3863 363 3918 cuius
381 3863 430 3918 illo
449 3879 532 3918 causa
550 3861 675 3917 adfertur
691 3861 753 3930 ipsa
770 3861 918 3916 indicatur.

375 3953 435 4007 Iam
461 3952 605 4007 uideamus
629 3952 662 4006 de
685 3951 777 4006 uerbis
804 3951 918 4020 reliquis
951 3967 1022 4019 quae
1045 3953 1111 4004 sunt
1134 3950 1198 4005 inde
1221 3968 1238 4005 a
1260 3954 1338 4005 tene
1366 3968 1454 4018 usque
1485 3955 1522 4010 ad

286 4060 420 4112 poenas.
458 4059 523 4097 uam
542 4041 576 4096 de
594 4044 640 4107 et,
664 4042 738 4110 quod
755 4040 871 4097 intereat
895 4039 968 4095 inter
986 4040 1055 4094 haec
1073 4042 1102 4094 et
1119 4038 1253 4109 proxima,
1277 4041 1340 4108 post
1358 4039 1412 4094 erit
1431 4043 1520 4112 expli·

286 4132 412 4188 candum.
442 4149 474 4186 ac
487 4130 582 4201 prius
600 4131 708 4185 nullam
726 4130 894 4186 sententiam
907 4129 1038 4199 praebere
1050 4131 1124 4184 recte
1143 4128 1272 4184 arbitrati
1287 4129 1521 4186 Buechelerus

286 4226 315 4278 et
337 4221 500 4278 Meiserus
531 4220 590 4276 sine
622 4220 704 4276 dubio
737 4237 850 4276 manum
878 4217 958 4272 llabii
989 4216 1170 4272 restituerunt
1197 4217 1345 4272 scribentes
1368 4219 1520 4288 propius.

287 4312 402 4367 uerbum
420 4313 514 4366 autern
532 4310 643 4366 finitum
662 4310 735 4380 quod
754 4308 939 4365 desideramus
958 4305 988 4360 in
999 4307 1058 4374 >hoc
1076 4306 1222 4362 enuntiato
1240 4305 1313 4361 unde
1327 4313 1521 4366 accersamus?

286 4402 322 4469 ἕο
340 4401 372 4454 12
391 4399 579 4467 Quintilianus
597 4418 734 4456 summam
751 4416 818 4469 prae
836 4415 865 4454 se
882 4397 936 4452 fert
955 4395 1180 4466 desperationem.
1217 4396 1276 4464 ipse
1295 4413 1323 4450 se
1342 4396 1521 4466 condemnat,

287 4490 361 4561 quod
379 4494 515 4561 superstes
539 4491 677 4546 exstiterit
698 4487 750 4544 filii
769 4487 820 4543 sui.
857 4486 926 4542 haec
947 4484 1074 4540 indicant
1096 4485 1167 4540 duae
1190 4483 1422 4554 interrogationes
1446 4504 1522 4556 quae

286 4582 364 4638 sunt:
384 4582 528 4636 tuosne.
548 4619 554 4634 .
575 4619 581 4631 .
600 4577 691 4632 uidi?
718 4580 747 4632 et
760 4580 880 4632 tuum.
900 4617 906 4632 .
927 4615 933 4629 .
956 4572 1071 4644 potui?
1102 4591 1220 4642 quarum
1238 4589 1347 4628 summa
1361 4574 1524 4634 continetur

287 4670 433 4726 enuntiato
457 4667 531 4736 quod
553 4669 595 4721 est
618 4666 758 4736 dignus.
776 4706 804 4722 ..
830 4663 1110 4740 cogitationibus.
1142 4664 1206 4724 inde
1220 4681 1238 4722 a
1251 4663 1335 4724 uerbo
1353 4663 1381 4718 si
1401 4665 1430 4736 §¹
1447 4663 1521 4733 inse,
