3250 5016
849 343 921 440 ,aa

285 537 412 602 illorum
444 537 586 602 moribus
624 537 782 622 corruptis
820 537 979 622 cormmpi
1017 537 1078 604 sibi
1111 535 1296 621 persuadet.
1342 542 1375 602 et
1399 536 1444 602 ad
1468 538 1513 603 iu-

284 642 404 710 dicium
427 665 563 730 prauum
584 645 746 730 pertinent
769 651 802 710 et
828 643 870 709 ad
893 645 1059 710 mollitiem
1084 665 1168 728 quae
1196 643 1275 709 dicit
1299 644 1376 708 VIII
1400 646 1430 728 3,
1456 647 1512 710 23:

234 818 238 826 ,
287 747 407 837 [agitur
430 751 471 817 de
495 753 567 818 lusu
592 751 732 835 quodam
755 749 936 840 uerborum]
962 771 1014 818 res
1029 803 1036 818 .
1051 803 1059 817 .
1074 801 1105 818 ..
1128 751 1303 836 praecipue
1335 751 1368 815 in
1393 751 1512 818 scholis

285 878 406 944 anceps
430 866 463 924 et
485 859 671 944 frequenter
693 881 794 926 causa
817 860 914 944 risus,
939 879 1022 926 nunc
1047 859 1174 943 utique,
1208 879 1280 924 cum
1312 857 1395 924 haec
1424 879 1512 924 exer-

285 966 396 1030 citatio
433 967 546 1051 procul
574 987 594 1031 a
627 967 765 1032 ueritate
798 967 944 1034 seiuncta
977 967 1102 1032 laboret
1134 964 1315 1030 Incredibili
1342 966 1511 1031 uerborum

284 1072 417 1138 fastidio
441 1095 481 1139 ac
505 1075 566 1140 sibi
596 1095 747 1156 magnam
774 1081 900 1157 partem
928 1074 1085 1140 sermonis
1109 1071 1343 1158 abscideritffi)
1368 1111 1411 1119 —
1434 1071 1511 1136 mol-

284 1180 384 1246 litiem
408 1181 615 1264 aliquatenus
639 1186 777 1264 tangunt
806 1201 890 1264 quac
917 1181 964 1246 XI
988 1183 1017 1266 3,
1043 1183 1083 1246 51
1114 1179 1155 1245 de
1182 1178 1345 1244 cantando
1374 1185 1510 1245 exstant.

284 1285 325 1352 dc
348 1288 524 1354 ambitione
548 1288 801 1354 declamatorum
824 1289 855 1352 X
881 1291 909 1372 7,
933 1293 973 1354 21
999 1287 1121 1374 profert
1148 1286 1244 1352 haec:
1275 1286 1509 1352 declamatores

284 1394 441 1476 quosdam
464 1416 620 1480 peruersa
644 1394 733 1461 ducit
761 1396 907 1480 ambitio,
939 1403 974 1460 nt
1004 1395 1153 1481 exposita
1187 1395 1408 1460 controuersia
1438 1415 1508 1479 pro-

283 1503 369 1568 tinus
398 1501 506 1568 dicere
535 1504 648 1588 uelint,
673 1504 749 1587 quin
773 1504 883 1587 etiam,
911 1502 998 1586 quod
1030 1510 1080 1568 est
1113 1501 1259 1586 inprimis
1289 1501 1440 1568 friuolum
1471 1523 1508 1566 00

284 1609 475 1695 scaenicum,
498 1611 629 1676 uerbum
653 1618 767 1697 petant
790 1631 853 1694 quo
877 1611 1042 1695 incipiant.
1088 1608 1148 1675 scd
1171 1615 1237 1674 tam
1261 1609 1508 1675 contumeliosos

283 1716 315 1779 in
344 1736 380 1782 se
408 1716 493 1782 ridet
517 1718 700 1801 eloquentia
724 1738 790 1800 eqs.
809 1755 844 1764 -
871 1738 944 1784 curn
966 1717 1141 1782 ambitione
1163 1716 1393 1799 magistrorum
1416 1715 1507 1782 111001-

281 1823 430 1907 pulcrum
454 1825 606 1890 cohaeret
629 1824 752 1890 tumida
776 1825 919 1910 uanitas,
956 1844 1052 1907 quam
1088 1823 1210 1890 Fabius
1243 1823 1290 1887 ita
1321 1823 1508 1907 perstringit

282 1930 314 1993 II
332 1935 358 2015 1,
384 1933 440 1997 12:
467 1927 541 2018 [non
560 1931 630 1996 uult
653 1931 880 1998 adulescentes
895 1933 978 1997 inter
1002 1951 1037 1998 se
1061 1931 1197 1997 laudare
1212 1936 1244 1995 et
1260 1927 1504 2016 reprehendere]

283 2043 318 2101 at
340 2058 425 2103 nunc
446 2039 540 2122 proni
563 2046 661 2120 atque
682 2039 836 2104 succincti
861 2038 1506 2121 01101111101110101101110111110110101110111

283 2144 387 2230 mode,
410 2165 521 2210 uerum
545 2146 643 2210 etiam
671 2152 843 2210 excurrunt
866 2154 899 2212 et
922 2167 993 2211 cum
1016 2144 1170 2210 indecora
1194 2146 1412 2211 exsultatione
1437 2165 1505 2210 con-

283 2251 438 2316 clamant:
463 2252 497 2316 id
519 2259 661 2318 mutuum
686 2259 736 2319 est
760 2251 1266 2319 0111111100100101101110101111110.
1312 2252 1388 2318 hinc
1406 2259 1506 2318 tumor

283 2367 316 2425 et
337 2380 424 2424 uana
447 2358 489 2425 de
514 2380 549 2425 se
571 2359 799 2448 persuasio.¹⁷)
824 2399 866 2409 -
898 2361 957 2426 sed
985 2361 1180 2443 grauissima
1213 2359 1347 2425 crimina
1376 2380 1504 2443 quorum

281 2466 427 2531 rhetores
450 2467 616 2533 insimulat
634 2469 752 2552 repetit
775 2488 815 2533 ex
835 2469 944 2532 enerui
963 2467 1141 2552 uoluptatis
1162 2467 1278 2552 studio,
1302 2487 1365 2550 quo
1381 2467 1504 2533 adules-

283 2579 410 2638 centum
433 2574 533 2638 animi
557 2573 600 2638 ad
624 2573 854 2658 turpitudinem
882 2574 1097 2660 adducantur,
1129 2581 1254 2640 mentes
1287 2572 1331 2639 ad
1353 2573 1503 2640 iudicium

281 2683 518 2766 prauissimum.
555 2682 637 2747 haec
660 2682 862 2748 continentur
890 2683 917 2747 V
948 2685 998 2767 12,
1032 2683 1505 2765 17-23:quem100umiam

281 2810 325 2873 pp
340 2791 362 2853 4
378 2809 416 2872 sq
431 2789 533 2854 attuli.

372 2913 520 2981 Ceterum
544 2914 771 3001 Quintilianus,
795 2953 837 2962 —
861 2937 902 2982 ne
926 2915 959 2980 id
982 2917 1247 3001 praetermittam,
1267 2952 1301 2961 -
1326 2915 1388 2980 etsi
1412 2932 1504 2980 ueras

281 3022 334 3086 uel
367 3023 515 3088 ueritatis
549 3023 729 3089 simillimas
762 3044 879 3090 causas
912 3031 1005 3108 putat
1037 3023 1069 3087 in
1105 3023 1224 3088 scholis
1254 3041 1327 3087 esse
1351 3021 1505 3104 agendas,
1599 3101 1601 3104 Ι

281 3134 389 3194 tamen
407 3128 567 3194 interdum
590 3131 744 3196 materias
767 3129 1048 3195 delectationis
1072 3150 1172 3195 causa
1195 3129 1290 3194 fictas
1310 3135 1343 3194 et
1361 3129 1504 3213 poeticas

281 3241 421 3301 tractare
444 3237 609 3320 permittit.
658 3236 698 3301 de
722 3258 844 3320 quare
868 3237 1000 3303 disserit
1022 3238 1054 3300 II
1080 3239 1128 3321 10,
1153 3239 1271 3320 9-12,
1296 3236 1387 3301 cuius
1407 3234 1504 3320 expli-

282 3343 419 3408 cationis
443 3344 476 3407 in
498 3343 562 3410 fine
586 3344 808 3429 complectitur
832 3365 916 3427 quae
947 3344 1045 3410 sentit
1073 3344 1114 3409 de
1142 3364 1202 3409 usu
1229 3349 1318 3409 recto
1346 3342 1503 3409 declama·

281 3450 378 3516 tionis
400 3451 485 3516 hunc
507 3452 541 3515 in
564 3451 706 3516 modum:
740 3449 775 3537 (ξ
806 3453 858 3528 12)
883 3451 1077 3516 declamatio
1111 3451 1262 3534 quoniam
1296 3457 1346 3516 est
1373 3449 1502 3515 iudicio·

280 3577 350 3621 rum
373 3557 641 3641 consiliorumque
664 3559 781 3643 imago,
813 3558 928 3624 sImilis
956 3579 1030 3624 0000
1058 3557 1154 3623 debet
1181 3558 1325 3623 ueritati:
1355 3558 1503 3640 quoniam

281 3669 389 3728 autem
412 3664 537 3748 aliquid
560 3666 593 3729 in
616 3685 652 3731 se
683 3666 782 3731 habet
811 3666 1013 3751 ἐπιδεικτικόν,
1041 3665 1186 3730 nonnihil
1214 3666 1276 3730 sibi
1304 3664 1418 3730 nitoris
1450 3661 1502 3727 ad·

281 3790 415 3836 sumere.
460 3809 500 3818 -
540 3792 675 3855 quocum
704 3778 778 3837 sunt
820 3771 1015 3838 conferenda
1052 3793 1136 3856 quae
1176 3772 1327 3855 leguntur
1364 3772 1398 3836 in
1434 3769 1502 3853 §gn

373 3983 408 4052 ¹⁶)
441 3985 476 4040 ef
505 3987 650 4042 Senecae
678 3987 798 4042 Contron
825 3987 865 4040 IV
899 3987 981 4056 praef
1002 3989 1030 4041 9:
1149 3987 1286 4054 quaedam
1311 3985 1499 4054 [uerba]....

279 4075 389 4129 scholae
407 4075 464 4129 iam
483 4077 562 4145 quasi
580 4079 713 4132 obscoena
731 4076 876 4146 refugiunt
902 4094 953 4130 nec
979 4076 1003 4130 01
1030 4093 1101 4144 quae
1128 4075 1279 4130 sordidiora
1305 4079 1369 4129 011111
1397 4079 1446 4130 aut
1470 4090 1501 4127 ex

280 4164 418 4219 cotidiano
437 4185 488 4220 11011
506 4167 627 4236 repetita
644 4171 759 4235 possunt
777 4165 846 4234 pati.
867 4195 899 4203 --
920 4165 1086 4220 Albucius
1104 4183 1139 4218 ne
1158 4164 1337 4220 scholasticus
1356 4165 1499 4226 uideretur,

279 4271 321 4309 res
341 4254 450 4310 dicebat
469 4256 593 4310 omnium
611 4255 810 4310 sordidissimas
830 4254 893 4322 (VII
912 4255 994 4324 praef
1008 4255 1034 4308 3.
1054 4253 1089 4322 4).

374 4360 406 4430 Η)
421 4362 647 4417 Adulescentium
662 4380 679 4416 a
693 4361 786 4431 prauis
800 4361 943 4431 magistris
957 4361 1098 4416 doctorum
1112 4361 1286 4431 impudentia
1300 4363 1407 4429 quanta
1420 4358 1500 4414 fuerit

279 4451 308 4504 in
327 4451 444 4518 iudiciis,
464 4451 593 4506 discimus
612 4469 645 4506 ex
663 4450 772 4504 Plinii
790 4451 862 4519 epist
880 4451 907 4504 H
930 4452 1027 4505 14:011
1051 4468 1107 4519 qua
1131 4451 1200 4506 haec
1222 4453 1288 4504 sunt
1310 4450 1336 4517 (ἓ
1361 4450 1404 4519 ll:
1431 4465 1501 4504 nunc

279 4541 403 4594 refractis
421 4540 532 4610 pudoris
551 4543 579 4594 et
590 4539 760 4594 reuerentiae
780 4539 906 4593 claustris
925 4539 1018 4594 omnia
1036 4543 1135 4609 patent
1150 4539 1283 4605 omnibus,
1303 4557 1354 4594 nec
1371 4540 1499 4594 inducun-

279 4631 326 4683 tur
344 4629 391 4684 sed
403 4629 575 4697 inrumpunt.
604 4631 732 4684 secuntur
746 4627 883 4683 auditores
893 4629 1030 4683 actoribus
1049 4629 1160 4696 similes,
1181 4629 1308 4686 conducti
1319 4632 1347 4684 et
1360 4627 1500 4702 redempti.
