3250 5016
697 389 739 467 51

614 483 826 501 βια--ῌ

106 605 226 659 annum
255 589 343 660 lpum
374 589 535 680 expletum
567 595 687 662 nubere
719 616 783 662 non
815 594 1000 682 licuerit⁸⁸),
1032 587 1214 680 colligimus
1248 607 1332 663 annu

106 701 227 767 aetatis
253 703 308 768 13⁰
335 702 377 768 ab
401 722 441 768 oa
465 701 586 768 editum
615 723 690 770 θεεθ
712 702 814 770 filium
836 703 872 768 A.
919 704 1029 788 itaque
1051 710 1177 770 mortua
1200 710 1252 771 θεῖ
1274 725 1333 772 sex

107 809 211 894 annis,
243 814 417 895 postquam
443 810 598 877 maiorem
625 811 727 878 filium
756 819 806 879 est
830 811 935 899 enixa,
966 813 1045 899 sino,
1074 811 1225 896 quoniam
1247 831 1333 877 anno

107 920 165 983 81ο
193 915 223 979 Α
246 923 357 982 natum
373 937 446 986 θεεθ
471 920 674 1004 sumpsimus,
698 940 783 986 anno
799 919 943 1008 87⁰.³³·)
978 939 1102 1006 paucos
1116 926 1191 1005 post
1205 939 1333 985 menses

107 1029 243 1089 matrem
266 1030 397 1114 secutus
421 1035 471 1093 est
494 1025 538 1092 ad
559 1026 681 1095 inferos
704 1026 790 1094 lilius
804 1029 840 1095 B.
864 1048 942 1112 ergo
966 1027 1018 1093 hic
1042 1046 1224 1113 supremum
1248 1025 1334 1092 diem

108 1130 187 1196 obiit
210 1136 267 1196 aut
290 1130 404 1198 eodem
428 1153 512 1199 anno
536 1153 599 1218 quo
622 1140 726 1200 mater
739 1141 804 1219 aut,
828 1134 857 1201 si
879 1133 938 1200 illa
960 1135 1020 1201 sub
1043 1133 1140 1200 finem
1162 1133 1232 1200 eius
1256 1132 1333 1220 anni

108 1243 234 1303 mortua
258 1244 317 1325 est,
345 1260 429 1306 anno
454 1241 508 1325 qui
531 1241 649 1308 institit
671 1241 705 1307 id
729 1248 779 1309 est
802 1262 887 1308 anno
911 1244 981 1310 88⁰.
1027 1262 1090 1326 quo
1118 1247 1227 1309 autem
1248 1261 1334 1307 anno

106 1346 133 1409 B
171 1352 314 1413 mortuus
356 1353 407 1414 θεῖ
449 1346 563 1414 eodem
601 1347 820 1426 Quintilianus
866 1350 1006 1417 accessit
1045 1349 1090 1415 ad
1131 1346 1334 1417 scribendum

105 1452 224 1518 librum
247 1451 288 1518 de
311 1473 374 1537 quo
398 1454 519 1538 agitur:
553 1455 636 1522 hunc
659 1456 759 1541 igitur
785 1456 997 1543 compositum
1026 1463 1058 1523 et
1085 1457 1237 1523 emissum
1261 1475 1334 1522 esse

108 1559 344 1644 suspicabimur
367 1560 452 1627 intra
475 1582 578 1630 annos
602 1565 691 1631 87ιιῐῃ
714 1571 747 1630 θῖ
769 1566 868 1633 89η.

197 1667 317 1735 Paucis
348 1667 514 1736 reicienda
544 1668 674 1737 uidetur
706 1691 780 1740 esse
810 1671 974 1738 Dodwelli
1011 1671 1225 1739 ratiocinatio.
1280 1671 1335 1755 qui

107 1795 194 1840 anno
209 1778 252 1843 89
276 1773 390 1842 librum
406 1774 447 1843 de
471 1778 580 1846 causis
605 1779 759 1866 scriptum
782 1799 856 1847 esse
879 1780 943 1848 sibi
965 1780 1137 1866 persuasit.
1172 1785 1334 1866 procerte

105 1882 207 1949 habet
230 1890 306 1950 aute
329 1884 419 1950 illum
442 1905 561 1953 annum
589 1887 761 1971 quicquam
788 1908 809 1954 a
831 1887 934 1954 Fabio
963 1887 1061 1954 scribi
1088 1908 1152 1952 non
1179 1886 1335 1973 potuisse,

106 1989 185 2073 quia
200 2010 303 2057 annus
320 1994 373 2078 88,
397 2013 460 2076 quo
484 2013 520 2061 se
544 1993 711 2061 abdicauit
723 2015 864 2080 munere,
886 2001 1113 2082 „consumptus
1137 1994 1181 2060 sit
1193 1993 1335 2060 muneris

107 2095 195 2164 datis
224 2099 432 2185 acceptisque
459 2101 658 2169 rationibus“
687 2100 719 2190 (c
746 2106 788 2170 21
821 2133 857 2158 =
888 2124 910 2188 p
941 2105 1027 2170 1140
1053 2101 1104 2190 Β).
1150 2123 1232 2186 quas
1260 2100 1336 2167 illas

106 2205 273 2291 putauerit
295 2205 390 2272 homo
404 2208 518 2276 doctus
535 2209 776 2286 assonationes,
801 2209 951 2294 equidem
966 2230 1030 2275 non
1051 2209 1225 2296 perspicio.
1249 2206 1335 2274 unde

106 2333 185 2379 uero
209 2311 291 2378 illud
316 2314 378 2381 sibi
401 2315 526 2401 petiuit,
549 2337 622 2383 oum
646 2317 744 2383 etiam
768 2317 801 2382 in
824 2337 955 2384 munere
977 2325 1128 2383 uersatus
1152 2316 1195 2383 sit
1218 2324 1335 2400 orator,

106 2441 182 2487 eum
220 2420 392 2505 quicquam
427 2443 619 2509 componere
655 2445 720 2491 non
756 2425 924 2511 potuisse?
982 2424 1092 2492 multis
1129 2413 1223 2490 annis
1260 2428 1336 2489 ante

108 2527 229 2595 scimus
253 2529 294 2594 ab
319 2548 356 2594 eo
381 2531 560 2597 orationem
584 2538 696 2598 contra
709 2532 869 2600 Naeuium
882 2531 1095 2619 Arpinianum
1118 2549 1192 2597 θεεθ
1215 2530 1337 2596 editam

106 2633 159 2722 (cs
177 2634 240 2700 VH
262 2638 291 2722 2,
321 2639 366 2703 24
394 2644 427 2703 et
453 2637 668 2727 Dodwellum,
700 2661 718 2707 c
747 2643 787 2708 17
816 2671 851 2695 =
878 2661 900 2726 p
931 2641 1045 2723 nup:
1078 2659 1175 2724 quam
1207 2636 1337 2722 quidem

104 2740 273 2828 putandus
297 2750 425 2811 estnon
439 2746 544 2830 magis
560 2767 656 2831 quam
671 2767 749 2815 snas
765 2747 877 2814 Cicero
902 2748 1064 2815 orationes
1079 2747 1179 2812 talem
1193 2744 1337 2812 edidisse

105 2849 239 2934 qualem
270 2850 428 2936 habuerit,
461 2852 521 2918 sed
554 2854 757 2921 emendatam
790 2862 822 2921 et
853 2854 1007 2920 limatam.
1061 2853 1171 2936 itaque
1204 2851 1338 2936 aliquod

105 2957 210 3025 otium
230 2957 260 3023 ei
278 2958 331 3024 uel
354 2960 557 3043 grauissimis
582 2961 699 3029 officiis
723 2960 870 3029 districto
894 2962 1051 3045 reliquum
1075 2960 1203 3026 uidetur
1226 2959 1336 3026 fuisse.

105 3065 152 3130 ad
185 3064 277 3131 illam
308 3085 386 3133 uero
419 3067 538 3137 falsam
571 3070 789 3136 coniecturam
820 3068 1011 3136 Dodwellns
1048 3074 1149 3135 totam
1183 3066 1337 3151 deinceps

105 3173 380 3258 computationem
403 3175 573 3261 adligauit.

204 3281 322 3347 Totam
344 3283 624 3350 ratiocinationem
652 3283 841 3370 respicienti
864 3283 1037 3351 tenendum
1060 3289 1110 3350 est
1133 3289 1168 3348 nt
1192 3282 1338 3366 singulos

103 3408 214 3455 annos
243 3397 330 3456 certe
358 3390 485 3457 definiri
512 3413 576 3458 non
603 3412 715 3478 posse,
743 3391 790 3458 ita
817 3397 939 3458 certam
967 3411 1041 3457 esse
1067 3390 1226 3456 rationem
1254 3410 1338 3473 quae

102 3495 291 3562 intercedat
321 3496 405 3564 inter
439 3505 566 3585 tempus
602 3499 676 3567 libri
709 3497 750 3566 de
787 3498 896 3565 causis
933 3497 1012 3563 editi
1047 3503 1080 3564 et
1117 3497 1257 3565 emissae
1288 3497 1338 3562 In-

103 3603 297 3672 stitutionis.
348 3611 381 3670 et
407 3625 448 3672 ne
475 3606 551 3672 anni
580 3606 711 3690 quidem
742 3606 806 3692 ipsi
839 3605 881 3672 de
911 3606 1026 3690 quibus
1059 3611 1168 3692 potest
1200 3603 1338 3688 cogitari

203 3798 239 3868 ⁸⁸)
258 3800 288 3856 cf
311 3802 525 3871 Marquardti
552 3804 586 3858 de
613 3803 675 3858 uita
702 3804 890 3858 Romanorum
916 3802 1029 3872 priuata
1055 3801 1166 3870 librum,
1197 3819 1217 3870 p
1240 3801 1283 3866 28,
1311 3803 1339 3855 et

101 3890 524 3948 Friedlsenderumld1⁴
543 3911 562 3963 p
581 3893 631 3947 550
651 3910 709 3961 sqq.
746 3893 768 3946 F
787 3892 877 3948 adfert
895 3892 968 3947 locos
990 3891 1089 3960 quibus
1112 3893 1228 3961 apparet
1254 3889 1340 3944 etiam

100 3985 175 4038 ante
193 3981 267 4035 hano
286 3983 408 4036 aetatem
426 3981 549 4052 uirgines
567 3982 597 4036 in
615 3981 824 4037 matrimonium
838 3997 895 4037 θεεθ
908 3981 1012 4036 ductas.
1049 3980 1097 4037 sed
1111 3998 1173 4035 cum
1191 3979 1221 4034 id
1234 3978 1339 4034 factum

100 4073 142 4127 sit
164 4073 265 4126 contra
282 4070 395 4126 solitum
413 4089 525 4137 morem,
543 4072 638 4140 procul
657 4072 815 4127 habendum
828 4074 871 4127 est
885 4089 902 4126 a
916 4069 1106 4139 disquisitione
1125 4086 1194 4124 mea.
1219 4072 1340 4124 ceterum

100 4163 150 4218 uel
167 4161 194 4215 si
207 4159 350 4227 sumimus,
371 4191 404 4199 -
423 4162 497 4230 quod
515 4180 563 4216 cur
581 4179 721 4216 sumamus
739 4161 815 4216 iusta
832 4178 916 4216 causa
928 4178 984 4215 non
998 4163 1047 4226 θεῖ,
1067 4189 1100 4198 -
1119 4159 1198 4214 illam
1211 4158 1340 4214 undecim

100 4268 197 4308 annos
215 4251 314 4304 natam
331 4250 455 4320 nupsisse
472 4251 566 4318 Fabio,
587 4251 757 4321 computatio
776 4268 830 4305 uno
849 4252 962 4305 tantum
980 4266 1052 4304 anno
1070 4248 1170 4304 differt.

202 4336 257 4407 ⁸³⁵)
276 4339 308 4394 In
322 4340 440 4395 eundem
459 4357 563 4394 annum
581 4340 681 4396 incidit
699 4339 869 4410 computatio
883 4340 906 4394 Ε
921 4337 1138 4395 Grnenwaldi
1157 4355 1176 4407 p
1191 4339 1225 4392 ll
1244 4336 1339 4391 diosm-

99 4429 227 4488 tationis
250 4428 412 4499 inscriptae:
441 4429 530 4495 Quae
553 4430 642 4485 ratio
665 4429 877 4485 intercedere
905 4429 1064 4484 uideatur
1090 4427 1182 4482 inter
1205 4424 1339 4493 Quinti·

99 4519 198 4578 lieni
228 4518 493 4574 Institutiouem
525 4519 709 4574 oratorium
742 4522 775 4574 st
803 4518 918 4574 Taciti
945 4517 1126 4588 Dialogum
1158 4514 1340 4572 Berolinensis

99 4613 175 4671 anni
199 4609 281 4664 1883:
307 4608 357 4677 qui
380 4609 492 4676 quidem
515 4609 596 4663 homo
619 4609 723 4676 doctus,
750 4617 783 4663 nt
801 4608 879 4664 aliud
897 4607 952 4663 luit
970 4625 1025 4675 quo
1042 4605 1171 4670 tetendit,
1193 4607 1265 4661 hanc
1282 4623 1340 4660 rem

99 4701 200 4775 magis
219 4696 319 4768 tetigit
337 4716 422 4766 qnam
440 4715 488 4768 per
506 4701 644 4754 scrutatus
663 4702 712 4754 est.

1145 4785 1176 4842 4*
