3250 5016
708 381 751 450 53

117 581 242 637 uenisse?
279 581 352 649 quod
364 598 419 649 quo
433 581 513 635 modo
531 580 624 650 potnit
642 579 700 634 lieri
718 579 772 633 nisi
785 578 906 634 editione
924 577 1047 648 partium
1062 577 1137 632 bota
1150 574 1342 644 singularum?

118 701 149 710 -
169 689 244 736 sane,
263 671 306 727 ita
323 674 377 726 est:
401 669 505 740 duplici
524 669 604 724 modo
623 668 767 724 Institutio
786 669 815 723 in
834 667 977 738 publicum
995 666 1106 722 uidetur
1124 663 1267 735 prodiisse:
1287 681 1342 718 nno

117 779 170 830 quo
189 777 270 816 nemo
289 759 343 814 nisi
362 759 485 815 Vitorius
508 762 536 814 et
558 759 674 814 fortasse
696 759 778 828 pauci
802 758 884 813 amici
907 757 987 812 fruiti
1010 756 1074 821 sint,
1098 755 1186 810 altero
1209 770 1265 821 quo
1283 752 1342 807 eius

116 851 249 922 legendae
281 849 407 905 omnibns
430 849 587 918 quicunque
610 847 749 904 noluerint
771 849 893 918 potestas
915 847 953 901 sit
976 847 1143 916 comparata.
1180 842 1254 913 prior
1276 858 1342 896 uero

116 940 268 1011 prodeundi
285 940 382 994 modus
401 938 568 996 editionis
587 938 698 993 nomine
711 956 766 993 non
780 940 853 992 recte
867 936 1014 1002 indicatur,
1033 934 1168 1005 quianon
1182 950 1231 1002 per
1244 931 1342 987 biblio·

115 1031 209 1100 polam
232 1029 329 1086 effecta
347 1033 397 1094 est,
425 1029 472 1084 sed
489 1029 532 1083 ita
553 1027 618 1093 lere,
646 1031 678 1084 ut
701 1027 891 1095 Quintilianus
915 1043 987 1095 qnae
1009 1025 1045 1080 ad
1066 1025 1149 1080 finem
1171 1021 1342 1092 perduxisset

115 1120 224 1175 Vitorio
243 1119 360 1188 aliisque
382 1118 567 1174 familiaribus
585 1117 718 1174 mitteret
755 1120 818 1187 post
836 1119 932 1172 autem
949 1131 1042 1170 omnes
1065 1113 1130 1169 libri
1148 1112 1231 1167 simul
1250 1110 1342 1166 emissi

115 1213 187 1274 sunt,
208 1213 237 1265 et
255 1209 284 1264 in
302 1209 355 1264 bac
373 1226 402 1264 re
420 1207 587 1278 bibliopolae
605 1225 688 1276 opera
705 1210 798 1264 orator
816 1209 858 1262 est
876 1224 949 1261 usus.
977 1208 1062 1273 atque
1080 1221 1143 1258 eum
1161 1202 1201 1257 eis
1219 1218 1290 1270 quae
1308 1200 1342 1254 de

115 1299 223 1354 ratione
253 1316 310 1368 qua
336 1315 404 1368 opus
431 1297 560 1352 uideatur
591 1296 723 1366 prodiisse
754 1296 903 1352 statuimus
935 1295 1039 1365 optime
1071 1292 1240 1348 conueniunt
1270 1307 1342 1359 qnae

115 1392 226 1446 exstant
252 1389 283 1442 in
310 1388 446 1457 epistulae
473 1387 509 1442 ad
537 1387 711 1456 Tryphonem
739 1386 884 1442 librarium
912 1386 979 1441 data
1003 1386 1034 1452 §⁰
1056 1386 1082 1438 l:
1111 1380 1281 1452 efflagitasti,
1309 1381 1342 1434 ut

115 1480 220 1534 libros
240 1495 307 1547 quos
321 1477 357 1532 ad
370 1477 567 1532 Marcellum
585 1494 678 1531 meum
696 1477 730 1532 de
743 1475 920 1531 institutione
934 1475 1055 1530 oratoria
1073 1472 1271 1542 scripseram
1284 1469 1342 1523 iam

114 1569 242 1624 emittere
260 1567 416 1636 inciperem.
449 1566 534 1621 immo
552 1581 617 1621 nero
636 1566 659 1620 si
682 1566 756 1621 hune
773 1566 864 1620 locum
882 1565 1013 1621 adcurate
1039 1565 1130 1619 essent
1157 1558 1341 1629 interpretati,

114 1659 170 1714 iam
189 1657 236 1712 din
257 1659 395 1712 constaret
413 1656 486 1725 qnod
504 1673 556 1725 ego
575 1653 848 1722 demonstrabam.⁸‘)

493 1870 644 1927 honnus
663 1869 701 1926 sd
720 1869 813 1942 eaput
831 1869 856 1926 V
875 1869 968 1925 alter.

202 1998 297 2054 Liceat
324 2015 413 2066 panca
444 1997 563 2067 proferre
590 1997 624 2051 de
653 1995 873 2052 emendandis
905 1995 989 2050 loeis
1022 1994 1150 2049 duobus
1182 1990 1266 2046 libri
1299 1990 1342 2045 VI

113 2088 161 2157 qni
180 2087 319 2158 prooemio
337 2087 420 2156 paulo
439 2089 505 2141 ante
524 2089 645 2142 tractato
664 2086 847 2141 continentur.

203 2178 356 2244 §denatat
374 2175 403 2230 in
418 2177 441 2230 A
456 2177 480 2231 G
493 2177 534 2232 M:
559 2195 635 2231 num
653 2176 765 2246 igitur
782 2175 948 2246 optimum
965 2175 1034 2230 fuit
1052 2174 1244 2228 infaustum
1262 2190 1342 2243 opus

114 2270 147 2322 et
161 2266 328 2336 quidquid
338 2266 398 2320 hoc
412 2269 462 2321 est
475 2266 511 2321 in
525 2284 573 2321 me
586 2266 781 2321 infelicium
791 2266 997 2330 litterarum,
1012 2281 1111 2334 super
1124 2264 1342 2318 immaturum

113 2357 217 2413 funus
249 2357 500 2426 consumpturis
527 2357 662 2412 uiscera
693 2375 764 2412 mea
795 2356 942 2412 flammis
970 2355 1097 2410 inicere
1123 2371 1230 2423 neque
1258 2354 1343 2408 hanc

113 2447 254 2518 impiam
276 2445 883 2517 uiuacitatemnouisinsupereuris
905 2445 1075 2515 fatigare?
1107 2463 1162 2514 eqs.
1199 2462 1248 2514 pro
1266 2461 1342 2498 num

113 2537 143 2590 in
161 2537 179 2592 S
198 2535 303 2606 legitur
320 2553 420 2590 nunc:
440 2553 512 2605 quae
527 2538 569 2590 est
583 2535 665 2592 lectio
679 2536 805 2606 uulgata.
833 2554 866 2591 ac
879 2535 985 2590 tradita
998 2535 1081 2590 lectio
1094 2533 1159 2590 ferri
1172 2551 1228 2588 non
1241 2535 1341 2602 potest.

113 2644 179 2680 nam
198 2625 351 2690 enuntiato,
370 2624 401 2679 in
419 2625 496 2680 cuius
515 2625 586 2680 illud
603 2625 686 2681 initio
700 2626 813 2696 legitur,
833 2625 1022 2692 Quintilianus
1039 2624 1209 2681 sententiam
1221 2621 1342 2677 indicare

113 2715 176 2770 unlt
191 2715 218 2769 ei
230 2732 302 2782 quae
315 2714 488 2784 significatur
501 2714 640 2784 particula
653 2733 727 2769 num
741 2733 849 2784 prorsus
859 2715 1028 2785 oppositam·
1044 2716 1127 2784 putat
1136 2731 1164 2768 ae
1173 2711 1297 2767 debuisse
1307 2711 1342 2766 ab

113 2804 188 2859 omni
207 2803 361 2858 studiorum
375 2820 441 2858 cura
455 2803 579 2858 animum
593 2821 733 2860 reuocare:
754 2805 826 2873 qnod
838 2804 897 2873 ipse
911 2807 1034 2875 negaret,
1053 2803 1077 2858 si
1091 2803 1274 2871 interrogaret
1287 2801 1341 2855 ita:

113 2911 190 2948 num
204 2892 274 2946 mibi
287 2893 358 2946 illud
371 2893 528 2948 faciendum
541 2892 615 2948 fuit?
638 2893 706 2962 qnid
719 2897 814 2949 autem
828 2894 936 2963 scripsit
946 2893 1060 2949 auctor?
1082 2892 1220 2964 particula
1232 2891 1343 2962 igitur

112 2982 269 3038 ostenditur
282 2999 316 3037 ea
329 2999 400 3050 quae
413 2982 542 3037 dieantur
555 2983 607 3037 hoe
620 2983 765 3038 enuntiato
779 2983 857 3052 sequi
871 3001 904 3038 ex
915 2983 955 3040 eis
963 3000 1035 3051 qnae
1045 2982 1121 3038 dicta
1130 2981 1186 3036 sint
1196 2981 1342 3036 enuntiato

112 3071 245 3142 proximo.
283 3072 325 3126 ait
343 3071 545 3138 Quintilianus:
569 3091 632 3127 cnm
651 3075 763 3143 propter
781 3073 892 3128 deorum
912 3076 1007 3128 eontra
1025 3090 1069 3128 me
1086 3071 1267 3136 iracundiam,
1286 3089 1343 3140 qua

112 3161 281 3216 inflammati
299 3160 389 3215 filium
407 3160 537 3216 maiorem
557 3161 627 3216 mihi
646 3162 814 3232 eripuerunt,
838 3162 931 3217 nullus
949 3162 979 3216 in
997 3179 1041 3216 me
1060 3161 1097 3217 sit
1115 3180 1187 3221 usus.
1206 3161 1343 3230 optimum

110 3250 167 3306 fuit
186 3279 213 3288 -
232 3267 287 3318 eqs.
325 3250 402 3305 cuins
420 3250 560 3307 enuntiati
578 3252 733 3306 membrum
747 3251 820 3320 qnod
838 3251 938 3321 incipit
956 3269 1065 3319 neque
1084 3250 1275 3306 coniunctione
1293 3269 1343 3321 per

111 3358 141 3395 se
159 3339 341 3408 intellegitur.
370 3339 438 3408 quid
455 3356 520 3394 uero
538 3343 580 3394 est
598 3339 668 3394 illud
687 3341 760 3409 qnod
777 3341 880 3396 dicitur
897 3341 1089 3396 infaustum
1108 3340 1207 3409 opus?
1238 3340 1343 3396 liberne

111 3429 145 3484 de
164 3427 254 3484 causis
278 3445 360 3496 quem
384 3428 465 3483 modo
488 3430 714 3485 commemorauit
742 3448 778 3485 an
804 3431 895 3500 ipsum
922 3429 952 3484 id
979 3448 1047 3499 opus
1070 3429 1105 3485 ad
1128 3429 1202 3498 quod
1228 3430 1342 3486 conseri·

110 3518 233 3574 bendum
260 3517 405 3586 adgressus
433 3519 494 3573 est?
546 3519 674 3588 equidem
701 3523 769 3590 puto
796 3519 1005 3575 Institutionem
1032 3519 1250 3589 intellegendam
1277 3537 1342 3575 esee.

109 3607 216 3662 etenim
235 3606 412 3662 enuntiatum
431 3607 506 3676 quod
525 3611 567 3663 est
584 3609 649 3663 inde
663 3627 767 3664 annm
782 3626 868 3677 usque
882 3609 918 3664 ad
931 3609 1054 3664 feriret
1067 3609 1139 3664 nibil
1152 3626 1202 3678 per
1214 3627 1243 3664 se
1256 3609 1341 3674 ualet,

109 3697 159 3751 sed
177 3714 290 3750 causam
308 3696 406 3762 adfert,
438 3714 486 3751 eur
504 3697 694 3767 desperatione
711 3702 809 3768 ceptus
827 3697 944 3769 rogitet:
972 3699 1040 3767 quid
1057 3716 1131 3753 nune
1148 3699 1250 3768 agam?
1287 3717 1342 3768 eqs.

108 3785 208 3854 itaque
223 3784 342 3840 arbitror
355 3785 406 3840 hoe
419 3803 473 3840 uno
487 3787 633 3842 enuntiato
648 3805 711 3842 eum
725 3788 815 3843 redire
830 3787 866 3842 ad
879 3787 1013 3858 pristinae
1027 3788 1159 3858 temporis
1173 3788 1342 3854 memoriam,

108 3873 275 3944 praesertim
298 3892 360 3928 eum
383 3875 470 3929 etiam
489 3873 519 3942 §⁰
538 3877 554 3929 4
578 3876 612 3931 de
630 3877 792 3932 calamitate
820 3895 876 3946 qna
899 3896 972 3932 nunc
995 3877 1121 3933 adflictus
1143 3877 1181 3932 sit
1204 3878 1342 3946 loquatur.

103 3981 158 4019 nec
175 3965 286 4033 pugnat
304 3981 365 4018 curn
385 3963 438 4018 bac
455 3965 595 4020 sententia
612 3965 683 4020 illud
698 3966 776 4023 fuit.
805 3985 871 4021 nam
889 3970 963 4021 certe
991 3967 1050 4022 iam
1069 3970 1111 4022 est
1129 3967 1253 4036 sepultus
1266 3967 1339 4020 filius

105 4057 171 4108 tum
189 4051 287 4107 debuit
305 4070 368 4106 cnm
381 4052 438 4107 filio
457 4071 524 4123 opus
539 4055 702 4110 comburere.
740 4055 836 4124 itaque
855 4055 910 4110 inf
914 4059 1049 4112 austum
1067 4074 1149 4125 opus
1172 4055 1243 4109 nihil
1267 4055 1344 4110 aliud

107 4145 153 4197 est
177 4158 263 4210 quam
281 4140 310 4195 id
328 4142 402 4209 quod
420 4145 553 4197 tenemus.
586 4143 643 4198 iam
662 4161 729 4199 ansa
747 4145 826 4199 nobis
850 4162 878 4200 se
902 4147 1016 4214 praebet
1039 4145 1211 4202 emendandi.
1253 4145 1342 4213 requi·

105 4232 195 4286 rimus
215 4230 290 4285 enim
307 4230 533 4286 terminationem
552 4251 607 4300 qua
625 4235 748 4302 expresse
767 4237 900 4304 tempus
925 4234 1063 4290 indicetur
1081 4253 1135 4304 qno
1154 4233 1343 4300 Quintilianus

202 4405 243 4471 84)
266 4407 476 4464 Prooemium
500 4409 574 4478 qnod
597 4409 667 4465 falso
690 4410 755 4466 libri
778 4411 881 4482 primi
905 4430 961 4468 esse
985 4413 1087 4468 dicitur
1113 4414 1181 4470 toti
1204 4413 1279 4483 operi
1302 4415 1344 4467 est

105 4496 361 4569 praescribendum.
390 4501 464 4553 recto
483 4497 577 4554 ordine
596 4499 645 4568 qui
661 4502 753 4555 exstat
770 4500 800 4554 in
814 4501 851 4566 M,
867 4529 894 4540 -—
906 4520 972 4557 nam
990 4503 1014 4556 Δ
1033 4501 1133 4573 incipit
1151 4520 1169 4556 a
1187 4503 1202 4570 ἓ
1222 4505 1246 4568 5,
1257 4501 1344 4557 -usi

104 4590 176 4642 sunt
195 4587 420 4652 Burmannus,
445 4587 624 4653 Gesnerus,
650 4589 886 4660 Spaldingius,
910 4594 1078 4648 recesserunt
1101 4592 1135 4648 ab
1154 4609 1187 4646 eo
1209 4592 1268 4648 sine
1286 4592 1344 4646 ulla

105 4695 199 4734 causa
218 4677 247 4730 et
265 4674 368 4732 iniuria
386 4677 583 4732 Bonnellins
602 4681 635 4734 et
653 4679 813 4734 Halmius.
