3250 5016
882 372 927 445 bo

798 465 1011 480 hun—fi

293 591 335 644 ne
357 569 513 662 principis
537 571 679 642 animum
703 591 723 640 a
746 593 783 641 se
806 580 968 641 auerteret
990 571 1053 642 buo
1075 572 1152 641 illue
1171 567 1414 658 obiurgationes
1437 569 1515 642 libro

291 683 445 770 inspersit
471 681 632 768 laudibus,
664 681 772 765 quoad
804 680 875 748 fieri
904 681 1018 768 potuit,
1051 680 1229 748 exstinctis.
1283 702 1357 748 mea
1390 680 1515 765 quidem

292 790 401 876 opinio
433 789 568 857 inelinat
596 787 737 856 adeam
770 789 989 856 eonieotnram
1020 809 1117 873 quam
1148 789 1255 875 priore
1287 788 1359 855 loeo
1392 788 1516 874 protuli.

291 918 365 963 nam
389 896 416 965 si
439 904 528 984 post
551 896 692 964 edietum
708 895 859 964 Caesaris
873 894 1137 983 pbilosophorum
1159 895 1413 982 uituperationes
1429 896 1515 962 addi·

291 1005 402 1091 disset,
422 1004 560 1072 futurum
577 1004 679 1072 fuisse
692 1004 882 1091 putauerim
901 1010 938 1070 ut
950 1023 1069 1088 magno
1090 1003 1231 1073 elamore
1247 1011 1280 1069 et
1294 1002 1516 1088 indignatione

290 1113 486 1197 grauissima
509 1112 542 1178 in
564 1113 700 1180 miseros
713 1111 788 1180 illos
812 1111 995 1197 sapientiae
1018 1109 1183 1179 studiosos
1197 1109 1412 1179 inueheretur.
1449 1117 1517 1177 utut

290 1220 372 1286 haee
400 1240 436 1287 se
459 1219 587 1304 babent,
616 1241 657 1286 ex
684 1217 805 1286 iudieio
834 1219 921 1303 quod
950 1216 992 1284 ds
1019 1217 1224 1305 pbilosophis
1251 1218 1374 1304 profert
1396 1219 1516 1286 Fabius

290 1333 325 1393 ut
348 1327 390 1394 de
413 1347 497 1393 anno
521 1325 630 1392 editae
653 1326 869 1394 Institutionis
891 1325 971 1391 nihil
994 1332 1103 1413 potest
1126 1325 1237 1410 eolligi
1251 1325 1339 1411 uerti,
1363 1325 1412 1392 ita
1435 1347 1516 1412 quae

291 1434 430 1502 uidimus
453 1433 495 1502 de
513 1435 569 1501 illo
593 1433 713 1501 iudioio
735 1435 820 1502 bene
844 1433 1031 1520 conspirant
1051 1453 1123 1501 eum
1136 1433 1515 1520 eomputationenostra:

290 1563 355 1626 qua
378 1541 549 1614 incidimus
572 1543 606 1609 in
629 1562 749 1608 annum
772 1543 814 1610 93
838 1542 892 1608 uel
915 1543 968 1610 94.

378 1686 447 1751 Iam
462 1685 635 1771 quaeritur,
658 1685 741 1753 liber
763 1685 819 1771 qui
842 1684 903 1752 fuit
926 1685 968 1752 de
991 1685 1100 1752 oausis
1116 1691 1286 1772 eorruptae
1303 1686 1516 1772 eloquentiae,

289 1814 362 1878 quo
386 1813 484 1859 anno
508 1793 562 1862 sit
585 1791 725 1860 editus.

361 1919 462 2004 'Tota
485 1934 567 2003 baso
590 1935 739 2020 quaestio
770 1933 890 2022 pendet
918 1955 958 2002 ex
985 1935 1060 2001 libri
1091 1935 1149 2001 VI¹
1190 1935 1365 2022 prooemio,
1394 1937 1453 2003 ubi
1476 1936 1516 2003 de

290 2043 529 2111 calamitatibus
558 2042 751 2127 quibusdam
789 2041 977 2110 domesticis
1010 2040 1228 2119 Quintilianus
1261 2043 1308 2110 ita
1339 2044 1448 2131 refert,
1482 2051 1517 2111 ut

289 2151 385 2218 eortis
415 2151 569 2237 temporis
597 2149 714 2216 tinibus
748 2169 806 2216 eas
839 2149 1088 2216 obeumseribat
1142 2170 1214 2216 eum
1245 2150 1293 2218 eis
1326 2170 1412 2235 quae
1444 2151 1517 2219 bine

287 2265 454 2344 apparent,
482 2256 708 2342 coniungenda
736 2263 811 2324 sunt
838 2277 923 2341 quae
950 2255 992 2323 de
1019 2257 1235 2325 Institutionis
1263 2259 1404 2326 emissae
1433 2280 1516 2328 anno

287 2365 469 2432 statuimus.

376 2527 483 2612 Atque
514 2525 571 2592 illo
607 2525 680 2592 loeo
714 2525 919 2609 conqueritur
949 2525 1073 2593 Fabius
1105 2527 1245 2612 quinque
1282 2528 1391 2614 operis
1424 2528 1516 2595 libris

287 2633 441 2720 perfectis
463 2633 626 2720 priuatum
651 2652 686 2699 se
710 2652 784 2700 esse
806 2633 884 2719 filio,
911 2633 994 2699 inter
1018 2633 1100 2702 dnos
1123 2634 1179 2700 illo
1202 2635 1325 2701 maiore
1348 2640 1440 2721 natu,
1463 2636 1518 2718 qui

287 2742 475 2809 decimum
505 2741 571 2807 iarn
608 2741 727 2808 aetatis
759 2761 878 2807 annum
914 2741 1082 2825 ingressus
1116 2741 1158 2809 sit
1191 2745 1224 2824 (ξ
1260 2740 1323 2830 10).
1379 2742 1518 2808 similem

288 2869 323 2916 so
338 2848 466 2916 eladem
488 2848 657 2934 aooepisse
681 2847 746 2914 iarn
760 2854 867 2914 antea.
903 2869 978 2914 nam
1002 2868 1073 2914 oum
1096 2847 1212 2914 librum
1226 2869 1321 2933 quem
1343 2849 1385 2915 de
1409 2851 1517 2917 oausis

287 2962 458 3042 corruptae
485 2955 691 3040 eloquentiae
723 2955 866 3022 emiserit
898 2955 1039 3022 seribere
1073 2955 1169 3023 fuerit
1200 2954 1377 3041 adgressus
1406 2961 1440 3040 (ἓ
1474 2956 1517 3046 3),

285 3061 387 3129 filium
409 3063 564 3129 minorem
587 3082 661 3129 esse
683 3068 843 3129 mortuum
867 3069 980 3130 sexto
1004 3065 1124 3130 aetatis
1148 3084 1232 3130 anno
1257 3062 1291 3151 (ἕ
1311 3063 1356 3152 6).
1402 3066 1517 3150 paueis

237 3253 239 3257 v
286 3177 394 3236 autem
416 3170 591 3256 mensibus,
620 3176 696 3236 ante
719 3190 815 3254 quarn
838 3170 892 3237 hie
921 3191 1105 3256 supremum
1134 3170 1220 3242 diem
1243 3171 1367 3258 obierit,
1395 3171 1517 3239 11111111

287 3297 369 3363 esse,
396 3283 432 3343 ut
454 3297 535 3342 uxor
557 3275 699 3343 nondum
722 3277 851 3363 expleto
875 3278 1167 3345 undeuicesimo
1191 3298 1276 3344 anno
1300 3283 1331 3360 (ξ
1354 3282 1389 3362 4)
1414 3287 1517 3345 morte

287 3385 349 3453 sibi
382 3385 566 3471 eriperetur.
590 3421 632 3432 -
657 3405 697 3451 ex
723 3384 775 3451 his
799 3406 918 3451 annum
946 3407 1009 3470 quo
1042 3386 1164 3454 sribere
1197 3385 1305 3472 eoepit
1335 3385 1451 3452 librum
1476 3386 1516 3451 de

287 3492 395 3560 causis
418 3491 606 3559 ratiocinari
628 3512 811 3579 possumus,
839 3493 1032 3576 simulatque
1060 3513 1165 3560 annus
1193 3500 1244 3560 est
1275 3492 1427 3560 definitus
1451 3513 1514 3578 quo

286 3600 373 3666 filio
396 3599 544 3666 maiore
567 3604 662 3686 pater
676 3601 808 3667 orbatus
824 3607 882 3667 est.
928 3601 983 3685 qni
1007 3601 1136 3684 quidem
1161 3621 1234 3668 oum
1248 3601 1316 3667 vita
1335 3601 1515 3668 decesserit

286 3712 360 3792 post
389 3707 556 3775 absolutos
583 3706 801 3774 institutionis
829 3708 929 3774 libros
962 3707 1103 3794 quinque
1130 3709 1269 3795 priores,
1297 3708 1448 3775 reioimur
1471 3708 1515 3774 ad

286 3813 557 3899 computationem
580 3814 657 3879 anni
681 3835 744 3897 quo
759 3814 833 3880 illos
857 3823 1097 3883 eonsummatos
1121 3816 1223 3882 fuisse
1247 3816 1289 3882 sit
1307 3815 1377 3882 ueri
1400 3815 1515 3884 simile.

286 3920 375 4004 atqui
398 3920 544 3989 uidimus
565 3921 634 3988 1111
663 3941 747 3987 anno
772 3924 816 3988 90
844 3942 925 4008 opus
953 3927 1103 4008 eoeptum
1131 3943 1204 3990 esse
1228 3923 1334 4010 soribi,
1362 3943 1447 3989 anno
1473 3927 1515 3991 92

285 4026 353 4094 1111
376 4028 512 4114 ineuntel
536 4029 715 4114 perfeetum
745 4029 856 4115 fuisse,
884 4029 1025 4095 noudum
1057 4028 1189 4096 editum.
1235 4049 1312 4114 ergo
1336 4052 1421 4097 anno
1447 4030 1515 4098 fere

286 4137 323 4201 91
352 4134 521 4229 probabile
545 4143 595 4202 111
618 4136 760 4221 quinque
782 4136 883 4202 libros
906 4137 1030 4222 priores
1055 4136 1156 4204 fuisse
1179 4138 1355 4204 absolutos.
1400 4137 1463 4204 boe
1487 4139 1515 4205 si

284 4249 407 4309 reatum
430 4248 488 4327 est,
510 4242 597 4309 filius
620 4243 722 4309 maior
744 4251 832 4329 natu,
857 4263 952 4327 quern
971 4241 1079 4308 indieo
1103 4244 1212 4311 littera
1225 4244 1263 4330 A,
1287 4245 1320 4309 in
1343 4244 1448 4312 luoern
1463 4253 1514 4312 est

285 4348 391 4416 editus
423 4369 507 4415 anno
540 4353 592 4418 812
646 4357 750 4416 mater
781 4358 891 4418 autem
922 4341 973 4418 est
1006 4358 1133 4417 mortua
1166 4371 1250 4418 anno
1284 4352 1404 4420 aetatis
1440 4355 1513 4419 190:

284 4477 347 4541 quo
379 4477 464 4522 anno
494 4454 580 4523 tilius
613 4477 708 4541 quem
739 4464 816 4544 post
830 4455 832 4460 ’
846 4459 889 4524 Α.
907 4465 1087 4545 pepererat,
1121 4459 1176 4542 qui
1208 4459 1301 4526 nobis
1334 4459 1449 4526 audiat
1478 4461 1515 4546 B,

284 4563 424 4650 quinque
456 4562 569 4631 babuit
600 4585 712 4632 annos.
759 4585 837 4651 ergo
866 4587 905 4632 eo
939 4574 1082 4654 ternpore
1111 4586 1178 4650 quo
1206 4565 1356 4633 filiumB
1384 4569 1515 4655 peperit

283 4672 357 4757 ipsa
381 4691 500 4737 annum
524 4671 591 4756 egit
619 4675 715 4741 14¹¹ffl.
761 4693 833 4739 eum
856 4693 933 4740 uero
956 4673 1031 4758 lege
1053 4674 1200 4740 Romana
1228 4673 1409 4757 uirginibus
1438 4682 1514 4742 ante
