3250 5016
796 1247 924 1358 Caput
955 1248 1022 1333 VI.

301 1433 406 1502 Inter
423 1432 639 1522 Quintiliani
662 1433 705 1501 de
728 1434 844 1501 nansia
869 1434 1061 1520 eorrnptae
1084 1434 1309 1518 eloquentiae
1332 1436 1464 1504 librum
1486 1433 1517 1500 et

372 1540 489 1608 Taciti
512 1541 555 1608 de
578 1541 785 1610 oratoribus
808 1540 992 1625 dialogum
1016 1559 1105 1626 qnae
1128 1541 1329 1610 intersedat
1351 1544 1458 1612 ratio.

368 1686 447 1754 Plns
475 1706 538 1752 nno
566 1687 638 1753 loeo
665 1686 881 1755 nominandus
909 1695 942 1754 et
969 1687 1202 1756 exscribendus
1230 1687 1291 1754 init
1317 1688 1347 1756 is
1370 1688 1451 1755 liber
1471 1686 1516 1770 qui

301 1801 369 1861 tam
401 1793 551 1862 dinersns
584 1802 634 1862 est
665 1793 826 1862 aoeteris
860 1794 990 1882 seriptis
1027 1815 1111 1880 qnae
1148 1796 1208 1863 snb
1240 1794 1370 1862 nomine
1398 1792 1517 1862 Taciti

302 1901 455 1982 temutes,
489 1909 525 1968 nt
551 1922 615 1968 non
642 1901 739 1989 panoi
766 1902 913 1971 homines
941 1902 1029 1970 dooti
1057 1902 1156 1969 alium
1185 1903 1216 1970 ei
1239 1909 1404 1970 anotorem
1426 1900 1517 1969 nindi-

302 2009 456 2078 eanerint.
502 2030 563 2094 ego
589 2009 651 2077 etsi
674 2017 796 2077 eertum
818 2009 860 2077 de
883 2010 946 2077 bae
968 2031 1003 2077 re
1026 2009 1104 2076 mihi
1127 2030 1191 2076 non
1214 2009 1338 2094 adrogo
1367 2010 1517 2092 indicium,

302 2124 410 2184 tamen
433 2118 538 2185 fateor
560 2139 612 2186 me
634 2139 698 2185 non
721 2117 920 2204 intellegere,
944 2139 1000 2185 enr
1020 2117 1171 2185 aTaeito
1194 2116 1276 2184 liber
1298 2118 1355 2186 ille
1378 2118 1516 2186 aureolus

301 2226 346 2294 sit
368 2224 615 2294 abindieandns.
648 2234 790 2294 oeternm
812 2225 856 2292 ad
880 2225 1124 2310 quaestionesa
1142 2247 1194 2292 me
1215 2232 1375 2295 tractatas
1390 2233 1517 2293 baeton·

302 2332 428 2417 desque
451 2333 509 2398 illa
533 2334 753 2401 eontronersia
776 2333 881 2401 minus
904 2333 1056 2421 pertinet,
1086 2332 1246 2417 siqnidem
1269 2333 1416 2402 eisdem
1438 2341 1516 2401 tem·

302 2441 462 2528 poribus
486 2442 602 2525 qnibns
625 2440 844 2519 Quintilianus
868 2461 967 2528 opera
991 2461 1060 2526 sna,
1085 2447 1118 2507 et
1139 2440 1245 2508 minus
1269 2447 1302 2507 et
1324 2441 1439 2526 mains,
1461 2438 1517 2507 edi-

302 2546 399 2633 derit,
444 2547 652 2632 Dialognm
689 2568 816 2633 quoqne
854 2555 957 2615 ortum
994 2569 1068 2616 esse
1105 2568 1216 2614 omnes
1256 2547 1404 2616 homines
1442 2544 1518 2614 doeti

303 2655 516 2723 consentiunt.
566 2656 694 2723 fuerunt
725 2677 853 2741 qnoque
885 2657 940 2740 qui
973 2677 1045 2723 eum
1073 2654 1272 2733 Quintiliano
1307 2655 1518 2724 adscriberent

301 2768 516 2848 putarentque
548 2763 653 2849 ipsum
686 2785 759 2831 esse
795 2764 879 2830 huno
916 2763 957 2831 de
990 2784 1052 2848 quo
1086 2763 1306 2848 quaesiuimns
1339 2764 1454 2831 librum
1482 2759 1517 2825 de

302 2869 420 2936 nausis.
466 2877 499 2936 et
522 2871 616 2954 qnasi
639 2891 692 2938 res
716 2878 805 2937 serta
829 2879 862 2937 et
885 2871 1056 2958 explorata
1080 2877 1175 2956 esset,
1200 2869 1468 2957 Grononins³⁵)
1490 2871 1517 2931 et

302 2976 378 3043 inde
402 2978 444 3043 ab
468 2997 507 3043 eo
530 2978 622 3044 multi
644 2978 853 3062 Dialognm
876 2999 914 3045 eo
939 2978 1032 3044 titulo
1056 2977 1289 3064 inscripserunt
1312 2998 1407 3062 quern
1430 2975 1516 3054 Quin·

302 3083 435 3150 tilianeo
463 3084 544 3150 libro
573 3085 675 3152 inisse
703 3092 838 3152 oonstat.
889 3084 949 3153 sed
980 3086 1064 3152 hano
1093 3085 1276 3171 opinionem
1303 3086 1416 3151 reieoit
1442 3083 1469 3150 d
1493 3079 1518 3143 Ε

304 3189 562 3276 Spaldingins
585 3189 643 3278 (ad
667 3193 712 3258 Vl
734 3213 867 3278 prooem
889 3196 910 3274 ἓ
934 3195 954 3258 3
979 3199 1011 3259 et
1034 3193 1110 3259 114
1134 3195 1231 3274 542)
1249 3189 1470 3258 'Sohulzium
1490 3191 1517 3250 et

303 3296 598 3384 Dodwellnm³⁶)
623 3306 761 3366 seentns.
800 3307 832 3367 et
855 3308 962 3365 tamen
986 3301 1041 3384 qui
1064 3320 1252 3386 peruersam
1274 3301 1365 3366 illam
1388 3292 1517 3384 amplexi

304 3412 378 3472 sunt
401 3405 595 3473 sententiam
617 3407 797 3474 reetissime
820 3407 1048 3474 intellexerunt
1072 3408 1182 3491 aliqua
1200 3406 1440 3474 necessitudine
1451 3402 1517 3468 illes

303 3511 403 3578 libros
426 3514 511 3580 inter
534 3534 570 3580 se
594 3516 781 3581 ooninnotos
797 3535 880 3583 esse.
913 3515 1024 3598 itaque
1039 3535 1103 3580 non
1118 3513 1232 3581 inutile
1246 3514 1307 3579 erit
1320 3511 1517 3598 inquisitione

304 3618 394 3685 faeta
417 3621 633 3706 considerare,
657 3642 741 3705 qnae
764 3621 848 3687 ratio
872 3621 1053 3688 intereedat
1076 3623 1159 3688 inter
1181 3628 1360 3705 utrumqne.
1399 3620 1439 3687 de
1461 3633 1517 3700 qna

303 3745 339 3791 re
366 3746 472 3811 panea
505 3727 805 3796 Grnenwaldins
833 3727 928 3795 docet
959 3729 993 3795 in
1021 3728 1268 3814 dissertationis,
1297 3727 1406 3815 (quam
1434 3719 1518 3792 attuli

303 3854 324 3917 p
342 3835 394 3918 bl,
409 3832 474 3898 adn
489 3832 580 3919 33a,)
594 3857 615 3920 p
627 3839 667 3901 41
682 3856 749 3920 sqq.
780 3835 878 3902 lineat
898 3843 1005 3902 antem
1025 3837 1149 3902 omnia
1168 3857 1252 3920 qnae
1270 3837 1304 3901 in
1322 3834 1517 3903 Institutione

395 4045 431 4115 ³⁵)
459 4048 615 4103 Secundum
642 4049 894 4121 Bernhardyum
922 4053 948 4106 H
970 4052 991 4106 L
1015 4050 1058 4105 R⁵
1081 4052 1170 4121 posu
1195 4052 1249 4106 adn
1267 4052 1330 4106 569.-
1375 4047 1518 4107 Secundum

304 4139 544 4210 Spaldingium
562 4140 572 4194 l
591 4139 609 4194 d
626 4141 684 4196 iam
702 4141 838 4211 Lipsius
862 4142 905 4197 ita
928 4144 969 4196 est
989 4142 1148 4206 arbitratus,
1185 4141 1211 4195 ol
1229 4140 1263 4195 de
1280 4141 1333 4196 han
1350 4159 1380 4197 re
1399 4141 1517 4196 druen-

304 4228 613 4300 weldiumldp3l
633 4249 672 4299 sq.

395 4333 429 4403 ⁸⁶)
448 4337 461 4390 Ι
480 4337 505 4390 Η
524 4337 549 4391 Α
567 4337 707 4392 Schulne
729 4338 763 4393 de
786 4355 819 4393 ea
841 4356 871 4394 re
895 4337 1026 4393 adcurate
1049 4338 1109 4408 egit
1127 4337 1157 4391 in
1176 4336 1382 4406 Prolegomenis
1400 4329 1520 4392 editionis

304 4425 415 4496 Dialogi
438 4443 510 4495 quae
532 4426 635 4496 prodiit
663 4426 773 4497 Lipsiae
796 4429 873 4493 1788,
901 4445 920 4498 p
944 4427 1035 4482 XXVI
1058 4427 1094 4481 ad
1114 4426 1241 4481 XXXIV:
1269 4426 1461 4482 Dodwellns
1478 4417 1521 4474 ld

304 4515 371 4570 028
399 4514 447 4582 (=
471 4515 538 4570 1149
562 4533 594 4584 sq
613 4517 654 4583 B).
699 4533 786 4586 nuper
817 4517 891 4571 idem
923 4515 1058 4571 tractauit
1082 4514 1350 4571 Gruenwaldius
1373 4515 1420 4569 ld
1446 4507 1520 4583 ple.
1589 4511 1590 4604 ,

304 4604 332 4657 ef
348 4621 375 4672 p.
395 4605 437 4670 56,
457 4605 506 4660 nbi
523 4605 611 4659 falso
629 4605 735 4659 iudicat
753 4604 786 4659 de
805 4606 948 4674 utriusque
966 4605 1031 4660 libri
1050 4608 1221 4676 argumento.
