3250 5016
727 341 769 406 25

129 535 159 600 V
186 539 235 620 12,
262 537 316 608 17:
341 533 604 621 declamationes,
629 535 744 619 quibus
769 535 812 601 ad
825 556 968 621 pugnam
983 535 1142 601 forensem
1156 534 1245 601 uelut
1263 555 1356 620 prae-

129 641 242 727 pilatis
267 643 408 708 exerceri
425 643 618 728 solebamus
643 643 719 708 olim
741 644 807 708 iam
830 644 871 709 ab
895 643 953 708 1116
976 663 1055 708 6616
1074 643 1216 726 imagine
1240 641 1353 708 orandi

129 755 341 815 recesserunt.
357 750 512 835 -1120,
536 753 558 816 4
582 748 616 836 (ξ
641 753 660 815 3
686 756 736 816 661
759 751 800 816 (16
815 756 1034 838 ματαιοτεχνίᾳ,
1055 770 1257 835 6616166666
1274 749 1356 815 61116
1396 821 1402 830 ,

132 856 339 935 imitationc):
363 857 416 922 1116
440 878 501 941 ego
517 857 753 942 comparandos
768 858 916 924 existimo
940 857 1042 941 quiin
1057 857 1357 935 (16616166116611166,

131 984 214 1047 (1666
239 983 312 1029 6666
334 962 467 1030 66111611
491 963 727 1031 (116611611111666
750 965 872 1049 661661,
895 970 1036 1030 66161661
1058 963 1158 1029 166116
1187 962 1294 1030 616116
1324 969 1356 1028 61

130 1071 242 1136 labore
267 1077 464 1138 consumunt.
515 1072 551 1136 cf
575 1072 719 1138 cumbis
742 1072 806 1136 XII
834 1075 880 1156 11,
907 1073 956 1138 15.
976 1109 1011 1118 -
1034 1071 1110 1135 VIII
1134 1074 1163 1155 3,
1189 1074 1244 1137 161
1270 1069 1357 1153 quod

130 1176 262 1261 quidem
286 1198 388 1260 genus
414 1175 680 1266 [similitudinum]
697 1230 703 1244 .
719 1229 726 1244 .
742 1230 771 1245 ..
796 1178 1029 1244 declamatoria
1056 1178 1196 1243 maxime
1224 1177 1356 1242 licentia
1431 1240 1433 1248 s

130 1291 315 1369 corruptum
340 1291 398 1350 661.
445 1285 592 1351 adhaec
623 1286 656 1350 in
688 1287 873 1352 uniuersum
903 1285 990 1351 dicta
1018 1286 1084 1351 alia
1108 1284 1266 1351 accedunt
1289 1284 1356 1367 qui-

129 1394 192 1458 bus
217 1398 306 1457 certa
330 1391 464 1458 crimina
489 1399 520 1458 et
544 1393 815 1459 declamatoribus
840 1399 872 1457 61
900 1392 1031 1458 scholae
1061 1392 1241 1458 obiciuntur
1268 1392 1357 1457 uelut

130 1499 301 1564 themata
333 1500 365 1562 Π
399 1503 449 1584 10,
481 1503 515 1567 5:
639 1521 753 1582 magos
778 1506 810 1566 61
832 1500 1054 1585 pestilentiam
1077 1505 1110 1564 61
1136 1520 1295 1584 16616666
1325 1505 1356 1564 61

131 1606 299 1672 666616166
328 1607 462 1690 tragicis
485 1628 643 1673 nouercae
667 1607 797 1691 aliaque
821 1608 927 1691 magis
942 1607 1048 1672 adhuc
1071 1606 1222 1672 161161666
1237 1605 1356 1670 1166116

130 1714 216 1779 16161
239 1714 431 1798 sponsiones
456 1721 488 1779 et
503 1714 675 1780 interdicta
690 1735 890 1798 quaeremus.
907 1713 1229 1780 —consuetudinem
1249 1713 1356 1778 decla·

129 1821 286 1886 mantium
316 1843 392 1906 qua,
424 1843 465 1888 ne
493 1823 754 1889 aduersariorum
784 1830 975 1906 argumenta
1005 1822 1177 1905 diligenter
1207 1828 1357 1906 respecta

129 1927 295 2012 refellant,
317 1950 468 1996 recusare
493 1931 619 1996 soleant
647 1929 764 1995 1616661
797 1936 828 1996 61
856 1950 877 1994 6
905 1931 994 1996 61166
1023 1928 1188 1994 commodo
1217 1928 1357 1993 alienam

131 2056 205 2100 esse
229 2035 309 2100 dicit
331 2036 360 2100 V
385 2039 435 2120 13,
466 2040 508 2103 ao
532 2037 640 2103 uerbis
669 2037 732 2103 his:
768 2034 1063 2124 [contradictiones]
1098 2035 1228 2118 quidem
1260 2042 1292 2100 et
1323 2035 1357 2099 in

131 2142 201 2206 1616
226 2147 380 2224 tanquam
402 2164 469 2208 rem
492 2144 662 2209 molestam
687 2149 719 2209 et
743 2143 890 2209 odiosam
912 2149 1167 2228 praeterunt...
1185 2195 1191 2208 .
1216 2143 1286 2208 sine
1300 2141 1356 2206 ad-

131 2248 277 2314 uersario
302 2248 412 2314 dicunt
427 2253 468 2316 'et
492 2250 617 2316 scilicet
639 2252 738 2316 multo
762 2251 867 2333 magis
892 2251 925 2314 in
945 2250 1074 2335 scholis,
1098 2250 1131 2315 in
1154 2251 1270 2336 quibus
1293 2270 1357 2313 non

132 2356 237 2422 solum
260 2357 592 2424 contradictiones
613 2359 809 2443 omittuntur,
832 2378 943 2423 uerum
969 2358 1066 2424 etiam
1082 2357 1237 2424 materiae
1260 2358 1354 2442 ipsae

132 2464 180 2529 sic
202 2464 391 2548 plerumque
419 2465 594 2550 finguntur,
617 2472 652 2531 ut
674 2466 755 2530 nihil
779 2466 843 2530 dici
865 2486 924 2549 pro
947 2471 1041 2550 parte
1065 2465 1169 2530 altera
1189 2465 1302 2549 possit.
1326 2463 1362 2529 61

131 2573 236 2654 (16-ξ
252 2575 303 2636 12.
322 2609 366 2618 -
385 2572 500 2638 61611116
525 2579 574 2638 661
596 2572 687 2638 16666
712 2573 766 2656 qui
789 2573 949 2658 reperitur
972 2572 1032 2636 VII
1056 2575 1084 2656 2,
1100 2574 1158 2638 54:
1184 2572 1241 2636 illa
1266 2572 1356 2637 66116-

130 2677 236 2742 larum
259 2678 458 2744 consuetudo
481 2680 631 2745 11611116
654 2679 756 2744 161661
779 2685 1026 2764 161661666616,
1050 2677 1136 2761 quod
1151 2679 1258 2743 omnia
1273 2699 1356 2761 quac

131 2785 165 2848 in
188 2785 329 2850 themate
357 2806 421 2850 non
445 2793 519 2852 sunt
548 2807 614 2870 pro
648 2787 760 2852 nobis
784 2785 939 2853 ducimus.
963 2823 1006 2832 -
1040 2787 1116 2850 item
1144 2785 1207 2850 huc
1234 2784 1357 2849 faciunt

131 2912 215 2974 quae
238 2892 389 2975 leguntur
411 2893 455 2957 VI
481 2897 508 2978 1,
535 2896 588 2959 43.
637 2893 682 2957 IV
709 2897 815 2977 190.
867 2893 915 2957 III
944 2899 973 2978 8,
1001 2895 1053 2959 58.
1085 2894 1136 2977 59,
1168 2891 1357 2975 quibuscum

131 2999 256 3064 iuuabit
280 2998 424 3067 conferre
448 3001 622 3067 Petronii
646 3022 664 3066 c
689 3004 717 3067 1.

221 3142 339 3206 Verum
384 3163 448 3207 non
488 3143 582 3207 modo
621 3144 736 3210 stultos
770 3149 802 3208 et
840 3141 1029 3228 ineptos¹⁵),
1068 3142 1126 3208 sed
1167 3143 1356 3207 ambitiosos

131 3255 164 3314 61
201 3248 358 3334 16161166,
395 3250 509 3315 6161166
542 3256 574 3314 61
617 3250 818 3316 effeminatos
856 3256 953 3333 atque
1000 3251 1040 3314 ob
1077 3249 1112 3313 id
1152 3269 1274 3334 1116666
1310 3250 1356 3313 in·

129 3355 349 3438 honestosque
363 3376 436 3422 esse
455 3362 684 3442 praeceptores
711 3357 833 3421 Fabius
847 3377 966 3438 magna
980 3357 1028 3420 ira
1044 3361 1076 3420 et
1090 3356 1268 3422 acerbitate
1283 3376 1356 3420 oon-

131 3463 283 3556 queritur.
324 3468 422 3546 atquc
445 3465 550 3546 utqui
567 3484 640 3528 cum
660 3463 783 3528 Oatone
797 3463 919 3527 Maiore
934 3468 1025 3547 putet
1040 3469 1199 3528 oratorem
1213 3483 1286 3528 csse
1300 3464 1355 3527 ui-

130 3590 209 3634 rum
242 3569 378 3635 bonum
407 3570 563 3636 dicendi
589 3571 767 3655 peritum,
792 3568 842 3656 (cf
859 3570 924 3634 XII
949 3574 976 3654 1,
1004 3574 1033 3649 1)
1058 3575 1159 3634 611616
1183 3570 1357 3634 6161611616

222 3819 258 3888 ¹⁵)
281 3820 316 3875 Of
331 3839 489 3890 responsum
504 3823 577 3890 quod
596 3822 721 3876 Seneca
740 3841 756 3875 a
779 3823 938 3876 Montano
953 3821 1104 3874 Votieno
1118 3821 1171 3874 sibi
1184 3821 1281 3874 (161616
1300 3839 1357 3874 6666

130 3914 227 3964 narrat
254 3909 451 3978 interroganti,
480 3929 527 3965 cur
554 3929 610 3964 non
629 3911 807 3974 declamaret,
836 3911 956 3964 Controu
980 3911 1018 3962 IX
1037 3911 1117 3978 praef
1140 3912 1161 3962 I.
1187 3911 1210 3962 2.
1235 3911 1259 3963 4.
1279 3911 1303 3964 5.
1329 3914 1357 3964 61

131 4001 263 4064 61161616,
284 3999 392 4053 Cassii
411 3999 527 4054 Seueri
551 4000 631 4065 illud,
654 4018 759 4068 exque
779 4000 962 4068 quaesiuerat‚
983 3999 1081 4066 quidni
1100 3999 1277 4052 declamando
1297 4003 1356 4054 tan-

130 4093 191 4143 tum
209 4089 317 4142 ualeret
335 4093 471 4156 quantum
490 4089 603 4143 orando:
628 4090 669 4143 III
687 4091 771 4158 praef.
803 4090 916 4142 12-14.
957 4089 987 4141 16
1011 4107 1065 4156 (166
1087 4105 1215 4156 responso
1237 4090 1356 4144 maxime

130 4179 247 4247 dignum
265 4181 418 4233 memoratu
437 4178 548 4233 uidetur
567 4195 623 4233 6666
642 4179 705 4232 hoc:
725 4179 755 4231 in
773 4177 936 4232 scholastica
957 4176 1103 4246 [oratione]
1119 4178 1187 4246 quid
1201 4196 1256 4231 non
1265 4196 1355 4246 super·

130 4285 250 4321 uacuum
278 4272 327 4333 661,
356 4287 417 4322 6661
436 4268 511 4337 ipsa
530 4285 746 4338 superuacua
765 4267 819 4321 6111
837 4284 921 4320 ——ne
948 4267 1006 4335 ipse
1020 4267 1132 4335 quidem
1145 4267 1247 4321 Seneca
1261 4268 1357 4336 magni

133 4357 263 4411 aestimat
281 4374 340 4411 rem
357 4358 562 4412 scholasticam:
586 4358 660 4426 quod
678 4357 826 4426 intellegas
845 4374 878 4410 ex
900 4357 925 4409 X
948 4359 1033 4425 praei.
1059 4359 1070 4410 1
1096 4356 1139 4409 his
1158 4356 1260 4410 uerbis:

130 4447 181 4500 hoc
203 4447 309 4500 habent
331 4447 554 4502 scholasticorum
582 4448 687 4503 studia:
716 4447 817 4502 leuiter
843 4448 921 4500 tacta
948 4446 1099 4510 delectant,
1129 4448 1301 4500 contrectata
1328 4450 1356 4500 et

130 4535 241 4604 propius
261 4535 373 4590 admota
394 4537 540 4591 fastidio
567 4541 639 4591 6661.
664 4567 694 4574 -
715 4539 806 4591 161661
829 4537 984 4591 scholarum
1007 4538 1111 4589 statum
1130 4534 1204 4589 uiuis
1223 4535 1356 4590 coloribus

131 4623 259 4696 depingit
274 4623 559 4684 Friedlaenderus
570 4626 599 4680 in
608 4625 748 4684 Historiae
757 4627 863 4683 Morum
875 4627 1061 4684 Romanorum
1075 4624 1122 4681 uol
1135 4625 1177 4680 III
1191 4644 1210 4696 p
1225 4625 1354 4679 ast-95.
