3250 5016
631 394 842 494 „2⁷-

124 572 230 639 diota
253 571 301 639 ad
324 579 546 658 corruptam
570 571 837 656 eloquentiam
860 573 1060 658 pertinere
1087 571 1350 639 demonstrabam

123 679 295 747 breuitatis
319 700 419 747 eausa
442 678 588 747 indicare
609 679 738 746 nomine
761 679 808 748 de
831 682 961 748 oausis
984 678 1085 746 libri.
1130 677 1217 763 quod
1241 699 1350 763 quam·

123 787 176 855 uis
198 807 263 853 non
290 786 461 854 conuenire
488 788 571 854 bene
601 786 730 854 uideam
762 808 834 856 oum
866 794 983 854 exaeta
1010 785 1091 854 artis
1118 792 1250 852 nostrae
1278 786 1351 853 sub-

125 893 255 981 tilitate,
279 901 387 961 tamen
410 902 582 981 propterea
605 894 683 962 mihi
705 894 850 981 permitti
863 915 963 981 posse
976 895 1167 981 putauerim,
1191 894 1267 978 quia
1282 894 1351 962 sine

123 1001 222 1068 dubio
245 1002 352 1088 magis
376 1010 489 1071 nostra
512 1005 647 1071 interest
670 1003 777 1071 Taoiti
801 1010 834 1070 et
852 1003 946 1069 Fabii
970 1001 1011 1068 de
1035 1009 1105 1068 arte
1129 1023 1208 1070 suae
1231 1001 1351 1068 aetatis

123 1110 286 1178 rhetorioa
309 1109 455 1179 eonforrs
478 1110 628 1179 iudioia
652 1131 748 1196 quam
770 1110 900 1178 libros.

212 1219 385 1304 Reputanti
410 1239 494 1303 quae
514 1220 754 1305 exponebamus
768 1218 811 1286 de
827 1224 998 1306 eorruptae
1014 1218 1218 1303 eloquentiae
1233 1224 1350 1284 natura

123 1325 180 1391 uix
192 1324 349 1394 eredibile
364 1325 527 1393 uidebitur
540 1326 642 1394 tuisse
656 1327 712 1410 qui
726 1326 958 1392 arbitrarentur
971 1362 1014 1372 —
1028 1325 1111 1393 inter
1125 1345 1206 1408 quos
1221 1323 1350 1408 quidem

122 1433 223 1498 etiam
246 1432 546 1500 Grueuwaldius
569 1433 775 1519 reponendus
798 1441 857 1518 est,
881 1470 924 1480 —
947 1433 1088 1516 Dialogo
1117 1433 1173 1516 agi
1197 1431 1239 1498 de
1261 1431 1349 1499 illius

122 1539 241 1607 oensis.
282 1539 363 1606 nihil
386 1540 494 1608 herole
516 1540 630 1609 miuus.
677 1549 827 1627 oorrupta
851 1541 1037 1625 eloquentia
1060 1559 1163 1624 genus
1186 1538 1350 1624 quoddam

123 1654 174 1713 est
201 1645 347 1714 dioendi:
380 1648 533 1713 faoundia
565 1655 616 1716 est
643 1649 753 1715 morbo
781 1648 948 1735 implicata
977 1648 1030 1713 uel
1057 1649 1131 1733 ipsa
1164 1654 1216 1714 est
1246 1646 1349 1732 pestis

122 1753 242 1837 aliqua.
288 1753 371 1821 hano
403 1761 522 1822 tracta
550 1763 583 1822 et
610 1756 764 1841 inerepat,
796 1755 891 1822 huius
919 1773 1037 1824 oausas
1066 1755 1222 1841 explanat
1252 1752 1350 1832 Quin·

122 1861 264 1928 tiliauus.
311 1869 423 1928 eontra
455 1862 591 1931 Tacitus
622 1863 693 1930 siue
724 1883 885 1948 personae
912 1865 954 1929 ab
984 1885 1023 1930 eo
1052 1861 1204 1928 induotae
1232 1883 1350 1930 oausas

121 1967 290 2055 indagant,
313 1970 431 2054 quibua
454 1969 575 2036 laetum
598 1970 649 2055 sit,
683 1978 718 2037 ιιι
747 1969 964 2050 „desoisoeret
992 1970 1177 2054 eloquentia
1200 1992 1222 2036 a
1244 1970 1349 2054 gloria

120 2082 261 2144 uetere.“
309 2077 346 2144 ol
370 2099 387 2144 o
412 2080 463 2144 28.
520 2077 631 2161 itaque
664 2077 779 2144 'Paoito
817 2098 881 2144 nou
918 2085 1039 2144 eertum
1076 2076 1210 2162 aliquod
1247 2097 1349 2161 genus

120 2184 261 2268 dieendi,
285 2183 449 2252 diuersum
471 2184 551 2251 illud
574 2205 595 2251 a
618 2205 705 2270 uero,
729 2205 826 2251 ourae
850 2193 908 2270 est,
933 2184 993 2252 sed
1015 2185 1110 2252 leotis
1129 2205 1239 2251 eorum
1257 2184 1349 2252 libris

120 2293 177 2378 qui
199 2291 276 2359 inde
299 2313 320 2358 a
343 2293 450 2359 Tullio
475 2293 602 2359 fuerunt
624 2291 809 2376 auditisque
839 2292 894 2377 qui
923 2313 983 2361 sua
1006 2299 1117 2360 aetate
1139 2293 1254 2360 florent
1277 2313 1347 2360 ora·

119 2400 244 2466 toribus
267 2401 314 2465 ita
338 2399 496 2485 adimitur,
527 2407 563 2466 ut
586 2399 803 2485 eloquentiam
826 2422 847 2466 a
871 2401 1004 2485 fastigio
1028 2400 1171 2485 quodam
1195 2399 1239 2466 ad
1263 2399 1349 2484 quod

119 2506 217 2574 luerit
244 2513 399 2593 proueota
427 2514 460 2573 et
486 2506 613 2592 pridem
640 2506 810 2595 delapsam
840 2528 914 2576 esse
944 2516 977 2575 et
999 2514 1065 2574 tum
1089 2527 1216 2591 quoque
1239 2505 1349 2574 delabi

119 2615 250 2682 sentiat.
274 2634 337 2697 quo
354 2634 451 2680 seusu
467 2621 500 2681 et
513 2613 633 2682 iudioio
648 2614 831 2702 impellitur,
846 2622 882 2681 ut
896 2621 1081 2699 eognoscat,
1096 2633 1237 2698 quonam
1249 2612 1345 2679 modo

117 2722 177 2787 illa
213 2721 307 2787 ruina
340 2728 453 2787 exorta
485 2720 541 2788 sit:
574 2730 610 2789 ut
637 2730 774 2806 quaerat
805 2723 851 2789 de
883 2722 1017 2790 oausis
1050 2721 1275 2788 deminutae
1312 2726 1349 2786 et

118 2830 273 2896 fraotae
297 2828 555 2912 eloquentiae.
600 2828 653 2897 bis
676 2829 761 2896 enim
783 2830 917 2898 uooibus
941 2829 1041 2895 utitur
1054 2826 1347 2894 Messalaotdsf.

118 2944 152 3004 et
175 2956 266 3003 uero:
292 2937 320 3002 si
342 2936 420 3003 mihi
444 2937 579 3020 oontigit
603 2957 687 3020 quae
710 2936 875 3004 nolueram
899 2937 981 3005 satis
999 2935 1172 3022 perspiouo
1191 2934 1348 3020 proloqui,

118 3044 226 3128 quiuis
249 3043 426 3128 intelleget,
450 3043 478 3110 si
502 3045 617 3110 'Paeito
641 3043 675 3110 in
699 3045 804 3109 animo
829 3043 946 3110 linisset
965 3042 1099 3127 Dialogi
1123 3049 1348 3127 argumentum

119 3151 214 3217 titulo
239 3151 433 3236 significare,
456 3171 529 3218 eum
551 3151 641 3220 aliud
664 3173 780 3219 nomeu
803 3153 851 3219 illi
874 3152 987 3221 indere
1009 3173 1073 3218 uon
1087 3152 1234 3238 potuisse
1250 3171 1346 3236 quam

116 3258 154 3324 id
177 3257 265 3342 quod
281 3259 426 3326 dixerim.
457 3259 570 3326 titulus
594 3261 677 3326 enim
701 3260 755 3344 qui
779 3268 829 3327 est
852 3259 894 3327 de
918 3261 1026 3328 eausis
1050 3266 1260 3344 eorruptae
1284 3259 1347 3324 elo-

117 3365 274 3449 quentiae
305 3366 393 3432 uullo
420 3366 516 3433 modo
545 3374 642 3455 aptus
669 3373 720 3436 est
753 3367 797 3434 ad
826 3387 866 3433 ea
895 3387 980 3452 quae
1002 3367 1112 3434 libello
1136 3366 1349 3434 eontinentur.

116 3494 205 3557 quae
229 3473 359 3556 quidem
381 3474 523 3541 breuiter
546 3476 777 3560 comprehensa
800 3482 875 3542 sunt
897 3474 966 3542 fere
989 3474 1085 3541 haee:

209 3579 306 3645 Artos
336 3579 369 3645 in
395 3580 504 3646 uerbis
532 3587 565 3647 et
593 3600 738 3646 sermone
770 3582 899 3666 positae
931 3588 1006 3649 sunt
1038 3580 1137 3646 duae:
1175 3579 1286 3665 poesis
1315 3586 1348 3645 et

115 3686 315 3770 eloquentia.
361 3687 471 3772 poesis
500 3692 537 3752 ut
565 3706 649 3770 quae
678 3695 825 3755 uersetur
850 3689 884 3753 in
912 3690 1008 3756 rebus
1025 3705 1053 3754 ‘a
1076 3687 1235 3754 oommuui
1258 3687 1347 3753 uitae

114 3815 180 3862 usu
204 3793 329 3878 alienis,
354 3793 448 3876 quasi
472 3792 583 3860 diuina
607 3800 658 3860 est
681 3802 713 3860 et
736 3795 970 3862 immortalibus
994 3815 1097 3862 saera.
1141 3793 1346 3877 eloquentiae

114 3909 170 3968 est
204 3901 238 3965 in
273 3900 333 3966 tori
365 3899 620 3983 iudiciorumque
653 3901 788 3986 strepitu
825 3900 978 3986 proeliari
1011 3901 1052 3967 de
1084 3902 1231 3969 omnibus
1264 3921 1348 3984 quae

112 4007 284 4074 homiuum
306 4007 407 4073 uitam
430 4006 541 4072 utilem
564 4013 597 4073 et
624 4005 798 4073 iuoundam
825 4006 977 4074 reddunt:
1010 4008 1176 4091 utriusque
1206 4029 1266 4074 sua
1298 4015 1348 4074 ost

112 4115 274 4200 dignitas,
306 4121 443 4197 utraque
473 4134 531 4181 suo
561 4113 664 4198 fulget
686 4113 816 4182 honore.
841 4153 883 4162 -
908 4113 959 4182 his
981 4115 1172 4200 praemissis
1194 4134 1212 4179 e
1238 4116 1279 4180 14
1302 4112 1346 4179 ad

111 4221 338 4306 eloquentiam
372 4221 476 4288 solam
507 4221 668 4305 Dialogus
703 4243 739 4289 so
771 4222 937 4289 oouuertit.
964 4259 1004 4270 -
1029 4230 1103 4289 sunt
1134 4222 1189 4306 qui
1216 4222 1249 4286 in
1277 4228 1347 4288 arte

110 4327 251 4396 dioendi
282 4336 410 4396 ueteres
442 4327 577 4394 landent
609 4335 641 4394 ot
668 4328 840 4413 imitentur,
873 4335 947 4395 suut
976 4329 1030 4412 qui
1057 4336 1219 4396 recentes:
1254 4334 1286 4393 et
1314 4327 1347 4393 hi

110 4435 251 4523 quidem
284 4434 327 4500 ad
360 4456 432 4502 eam
465 4435 588 4503 saeouli
618 4435 864 4503 admirationem
890 4435 1078 4522 procedunt,
1107 4441 1228 4500 utnon
1250 4434 1346 4500 modo

109 4564 222 4614 nouos
245 4542 345 4608 multo
368 4543 518 4610 meliores
541 4547 654 4627 putent
678 4562 751 4609 esse
779 4563 875 4626 quam
908 4549 1044 4626 ueteres,
1078 4541 1137 4608 sed
1166 4541 1263 4607 etiam
1287 4540 1346 4608 hos

109 4654 308 4736 uituperent
331 4662 364 4716 et
387 4650 608 4717 condemnent
653 4656 689 4716 at
712 4658 763 4716 est
786 4650 849 4718 ita:
874 4649 994 4716 defeoit
1016 4648 1201 4732 eloquentia
1224 4667 1299 4716 ase
1315 4656 1347 4714 et
